4876 5940
1159 733 1431 806 -250-

490 941 686 1030 slauiensis
706 935 902 1055 prelibata,
924 937 960 1022 in
982 933 1080 1024 dicta
1100 935 1315 1024 castellania
1338 943 1567 1024 brzemnmsi
1588 935 1811 1040 iaccnoium,
1837 965 1909 1024 occ
1929 965 1998 1055 por
2017 965 2099 1041 nos,

341 1139 345 1144 .
490 1073 555 1149 aut
575 1055 817 1148 castellanum
838 1055 1115 1144 brzesioensem
1136 1057 1249 1160 citari,
1264 1072 1330 1143 out
1346 1068 1478 1144 ‘coram
1501 1055 1609 1144 nobis
1630 1082 1862 1173 comparere,
1879 1085 1946 1144 seu
1968 1055 2100 1144 castel·

489 1179 585 1266 lania
594 1173 1011 1295 predictacastellanurn
1023 1173 1290 1296 quoquomodo
1301 1173 1660 1287 iudicarideberent:
1682 1174 1996 1292 superquonobis
2018 1174 2101 1288 (sic)

488 1295 585 1384 idem
607 1294 780 1384 dominus
801 1291 884 1381 dux‘
904 1292 1200 1410 per'Joliannem
1227 1295 1442 1412 pincernam
1475 1295 1736 1380 lanciciensem
1766 1292 1958 1380 silenciur'n
1979 1295 2099 1411 impo-

488 1417 580 1524 suit,
603 1431 639 1530 et
659 1447 724 1531 ne,¹
740 1431 871 1528 contra
891 1413 1095 1502 libertatem
1118 1426 1155 1500 et
1174 1415 1402 1502 imunitatcm
1421 1413 1582 1502 ecclesie
1603 1410 1930 1502 Wladislauiensis
1951 1413 2101 1532 sepedi-

488 1549 566 1639 ote,
587 1534 756 1623 homines
776 1533 943 1625 villarum
966 1531 1133 1620 eiusdem
1154 1532 1314 1641 ecclesie
1340 1533 1377 1620 in
1398 1546 1594 1651 prenotata
1614 1529 1832 1618 castellania
1859 1526 2101 1620 Brzesineosi

361 1661 364 1672 '
488 1655 704 1744 situatarum
726 1653 924 1740 citaremus
944 1665 1008 1740 aut
1026 1651 1288 1758 iudicaremus,
1306 1649 1459 1740 lirmilor
1480 1650 1665 1770 prohibuit
1684 1663 1727 1740 cl
1741 1651 1902 1738 iniunxit
1931 1649 1973 1737 ln
1992 1653 2100 1738 cuius

457 1883 459 1894 Ι
488 1773 545 1862 rei
567 1772 826 1876 testimonium,
848 1785 1042 1889 presentes
1063 1771 1135 1857 sibi
1164 1769 1335 1858 dedimus
1362 1783 1492 1858 nostro
1522 1769 1646 1890 sigillo
1676 1767 1870 1886 sigillatas.
1906 1767 2041 1856 Aulum
2062 1781 2101 1856 et

488 1890 615 1980 datum
636 1893 672 1978 io
692 1896 880 1995 Loncicio,
901 1890 937 1977 iu
958 1889 1122 1978 crastino
1143 1891 1261 1977 sancti
1282 1889 1429 2006 Allexij,
1451 1887 1563 1977 Anno
1583 1888 1722 1976 domini
1742 1888 1934 1982 millesimo
1954 1903 2100 1976 trecen·

489 2011 622 2098 tesimo
643 2010 830 2098 tricesimo
851 2008 1032 2097 secundo.
1054 2007 1298 2097 Prescntibus
1319 2009 1502 2096 nobilibus
1524 2023 1561 2096 et
1581 2006 1753 2096 discretis
1774 2009 1875 2108 viris,
1896 2006 2101 2094 comitibus·

349 2186 351 2195 ·
428 2134 436 2148 '
488 2127 707 2217 Borziwoio
728 2127 912 2245 palatino,
933 2125 1054 2214 Paulo
1075 2126 1174 2215 dioto
1189 2125 1329 2229 ¹Cauda
1351 2127 1558 2216 castellano
1571 2195 1593 2232 ,,
1609 2125 1754 2214 Falono
1775 2123 1822 2214 de
1843 2132 2020 2240 Zycllairo
2043 2121 2102 2239 (³)

489 2245 621 2354 iudice,
643 2263 680 2335 et
698 2245 869 2334 lohanne
890 2247 1079 2363 pincerna,
1099 2230 1427 2353 Lanciciensibus3
1449 2275 1532 2334 curn
1554 2247 1689 2335 ceteris
1709 2243 1784 2334 lide
1803 2243 1939 2366 dignis.

590 2481 630 2566 (³)
674 2471 792 2569 Zychlin
817 2481 964 2569 oppidum
974 2481 1114 2548 territorii
1129 2453 1335 2567 Gostyncnsis,
1351 2479 1480 2566 regionis
1496 2499 1565 2548 vero
1581 2465 1778 2549 Orloviensis.
1911 2493 1915 2502 ·

1217 2801 1386 2926 occu.

415 3025 420 3036 ’
568 2989 835 3148 ἧψε,
860 2997 1014 3128 anno
1043 3038 1197 3127 1822
1223 3042 1316 3127 ure
1340 3041 1404 3128 11
1428 3043 1626 3128 menete
1652 3039 2000 3146 sentennaco.

489 3243 715 3318 loannes
736 3243 900 3320 anunm
915 3246 997 3334 Rex,
1011 3243 1166 3340 promittit
1180 3263 1217 3318 rc
1232 3243 1373 3320 ortium
1387 3202 1584 3322 Teutonicum
1598 3248 1630 3322 iu
1643 3247 1847 3342 pomoerium
1861 3251 2012 3322 urmm
2026 3245 2106 3322 lutor

739 3346 892 3424 tumltu
906 3350 941 3424 ot
954 3347 1115 3422 llotcoiam
1130 3346 1238 3438 (lota)
1253 3347 1368 3422 lurion
1382 3349 1512 3431 alteim
1526 3351 1700 3424 numm
1716 3367 1790 3425 oreo
1805 3353 1856 3438 (¹).

591 3535 674 3626 Nos
693 3515 899 3644 lohannes,
920 3538 980 3628 dei
1001 3542 1132 3664 gracia
1152 3539 1312 3638 Boemia
1333 3555 1369 3629 et
1389 3539 1548 3630 Polonie
1568 3539 1672 3646 Rex,
1693 3571 1740 3632 ac
1760 3541 2104 3677 Luccmburgensis

490 3657 651 3763 Comes,
672 3657 771 3744 scire
791 3658 962 3746 volumus
985 3660 1118 3779 quibus
1139 3659 1290 3778 expedit
1310 3661 1523 3749 universos:
1557 3659 1675 3778 Quod
1697 3689 1766 3750 nos
1779 3659 1981 3781 religiosos
2003 3673 2105 3749 vrro's
2253 3723 2257 3730 -

489 3772 662 3864 dominos
689 3777 836 3863 lratrern
865 3776 1101 3881 Ludharum,
1132 3777 1275 3864 Ducem
1297 3767 1641 3885 Brunstiicensem,
1663 3809 1844 3867 summum
1867 3779 2102 3895 Magistrum,

489 3910 714 4014 ceterosque
733 3895 866 3985 iratres
888 3896 1028 3984 ordinis
1049 3925 1160 3986 sacre
1181 3895 1317 3984 dornus
1338 3897 1577 4003 Theutonica‚
1600 3914 1673 3986 tum
1696 3899 1746 3988 ob
1766 3925 1933 4010 amorem
1955 3912 1992 3984 et
2012 3894 2104 3984 alle·

489 4030 600 4118 otum,
621 4045 732 4136 quern
754 4013 803 4102 ad
825 4015 933 4134 ipsos'
945 4016 1078 4126 fratres
1099 4029 1137 4102 et
1157 4013 1323 4104 ordinem
1345 4017 1558 4135 specialiter
1577 4019 1756 4138 gerimus,
1777 4031 1853 4105 tum
1875 4019 1992 4105 eciam
2013 4043 2104 4133 pro·

518 4149 573 4222 ter
592 4133 716 4240 multa,
739 4163 812 4254 que
832 4135 940 4222 nobis
961 4135 1202 4223 exhibuerunt
1224 4151 1392 4254 prompte
1415 4150 1452 4222 et
1472 4153 1665 4257 gratanter
1685 4137 1854 4234 servicia,
1875 4138 1907 4225 si
1929 4161 2106 4224 nuscum

489 4163 2108 4396 llegeCllroecoe'elsic)concordanter[lconcordari]contingctinomnibusetsingu·
2196 4291 2199 4297 ¹

491 4369 548 4480 lis,
559 4399 632 4491 qua
647 4373 740 4461 inte'r
752 4401 889 4494 aquam
907 4371 1383 4496 Wyztausqueadaquam
1394 4373 2108 4502 Nec:inCuJaviasuntsitaetinch·
2157 4383 2160 4390 '

581 4577 634 4720 ll)
674 4624 721 4689 Er
735 4623 897 4724 ercluctypo
912 4623 1139 4694 membranaceo
1154 4625 1308 4711 cujusdam
1323 4625 1431 4726 priuati
1444 4568 1596 4706 adelerii,
1624 4627 1705 4716 quod
1725 4633 1773 4696 ost
1787 4625 1860 4692 inu
1919 4623 2108 4723 otGaliciao.

490 4706 683 4806 dcocnptum.
705 4711 848 4809 Taonrola
862 4731 1042 4810 pergamena
1063 4731 1228 4798 appensum
1244 4719 1290 4778 cst
1311 4711 1438 4798 sigillum
1459 4712 1579 4798 majoris
1599 4711 1713 4779 lorrnue
1733 4731 1832 4778 ooera
1846 4645 1960 4796 cuffiam
1980 4729 2106 4796 exprae-

490 4813 570 4869 suru,
586 4791 729 4859 exonam
743 4804 878 4882 equitem
891 4805 1060 4873 crustatum.
1080 4816 1161 4883 oque
1174 4795 1368 4874 insidentem,
1383 4797 1486 4862 dextro
1501 4819 1594 4864 manu
1607 4797 1754 4884 gladium,
1769 4795 1886 4862 unaue
1900 4813 1973 4862 uero
1988 4801 2107 4860 mmm

344 4919 347 4924 -
490 4885 654 4958 macutum,
669 4899 767 5001 eoquo
782 4901 814 4946 se
829 4879 1142 4966 tegautam;exlitaris
1157 4879 1187 4948 in
1203 4881 1316 4949 ambitu
1331 4883 1458 4950 exaratis
1473 4881 1546 4949 hooc
1562 4881 1799 4969 leguntuu:„iol
1800 4929 1887 4948 .....
1898 4879 1966 4948 παῖε
1980 4878 2106 4946 m?
