4878 5942
1059 743 1331 851 ‘’3²¹⁵“

1001 977 1004 984 ’
1036 1048 1356 1168 oooxmur.

391 1247 399 1262 ’
458 1277 800 1376 onocoetae,
824 1295 982 1365 ummo
1007 1273 1159 1366 1390
1185 1277 1280 1362 dte
1303 1272 1380 1363 25
1404 1275 1605 1362 monento
1627 1277 1923 1363 samm.
1969 1295 1976 1358 .·

378 1473 691 1553 wladislaus
705 1473 775 1552 box
786 1475 942 1560 roloniae,
952 1477 1044 1552 uxort
1058 1495 1136 1552 suun
1150 1475 1280 1569 fleturi
1293 1476 1430 1570 umaro
1443 1475 1590 1554 Polontnn
1604 1479 1710 1554 terrm
1724 1441 1871 1576 dmiccc
1886 1463 2006 1554 etllun

914 1580 982 1654 mu
998 1579 1135 1656 dctulltil
1148 1579 1274 1654 unatim
1288 1577 1410 1654 count
1423 1581 1472 1668 (¹l

478 1764 725 1872 wladislaus,
752 1765 813 1856 dei
839 1770 972 1885 gracia
992 1767 1269 1872 Responsio,
1290 1795 1459 1856 necnon
1478 1781 1663 1888 terrarum
1686 1769 1884 1876 Craoovie,
1906 1769 2005 1857 Sau-
2089 1833 2096 1863 1

376 1880 553 1989 douriris,
582 1883 748 1988 Siradie,
777 1883 976 1992 Lancicie,
1007 1885 1198 2002 Cuyavie,
1227 1884 1423 1972 Lidruanio
1448 1887 1626 2006 princeps
1661 1885 1894 2004 Supucmus,
1925 1887 2005 1976 Po·
2058 1930 2095 2004 ,ι

375 2001 560 2104 macic,
588 1999 807 2121 Russioquc
834 2003 1009 2092 damnus
1035 2018 1076 2091 et
1103 2003 1237 2107 baras,
1268 2017 1304 2090 et
1323 1999 1481 2091 cetera(
1514 2003 1783 2124 significamus
1806 2005 2005 2110 universis,

375 2115 511 2234 quibuu
532 2117 692 2236 expedit,
712 2121 949 2237 presencium
970 2117 1146 2210 noticiam
1166 2120 1364 2224 bubinuisr
1399 2119 1517 2235 Quod
1539 2147 1754 2240 quanquam
1775 2121 1826 2206 ud
1847 2135 2005 2211 cuncto-

374 2263 458 2320 rum
482 2249 699 2324 nostrorum
718 2235 881 2330 lidelium
909 2239 1107 2357 operanda
1128 2238 1290 2327 comoda
1311 2267 1360 2356 eu
1379 2236 1511 2327 crediti
1530 2239 1642 2326 uobis
1662 2267 1686 2326 a
1707 2238 1790 2326 Deo
1812 2239 2005 2356 regiminis

250 2394 264 2422 ·
374 2350 519 2456 officio,
550 2355 725 2442 continua
748 2356 999 2460 meditacione
1023 2358 1256 2474 aspiremuS,
1286 2354 1407 2442 decus
1437 2369 1561 2444 tamen
1587 2358 1735 2474 regium
1756 2369 1794 2442 et
1813 2356 2005 2472 specialis·

374 2469 469 2555 duna
488 2465 700 2560 sollicitudo
715 2501 788 2560 nos
807 2473 992 2576 invitavit,
1012 2467 1064 2580 ut,
1085 2469 1170 2561 [loo
1190 2471 1374 2590 propicio,
1382 2499 1469 2558 cum
1489 2474 1583 2578 sole,
1603 2471 1839 2590 proutdecet
1856 2472 2003 2608 Reges,

374 2585 528 2674 cottidie
547 2617 567 2674 s
595 2587 833 2695 lendeamus,
864 2606 978 2710 atque
998 2605 1171 2679 nostrum
1198 2604 1237 2678 et
1258 2589 1410 2702 excelse
1434 2588 1622 2704 Principis
1643 2589 1795 2675 domine
1814 2587 2003 2708 Hedvrgis
2141 2692 2144 2704 Ι

373 2699 529 2822 Regias
553 2615 734 2815 tlotouie,
772 2723 810 2797 et
840 2706 990 2797 heredis
1019 2705 1208 2830 Vngarie,
1238 2705 1483 2827 Regnorum,
1514 2703 1787 2822 Litbuanieque
1815 2703 2004 2823 Principis

374 2849 571 2939 sumente,
601 2853 650 2910 ao
668 2823 820 2915 bersdis
840 2823 984 2916 Russia
1010 2841 1047 2915 et
1065 2840 1212 2932 cetera,
1242 2839 1374 2912 nostre
1403 2823 1594 2913 consortis
1624 2823 1835 2926 camssimc,
1866 2837 2002 2910 statum

373 2951 583 3029 abluamus
602 2941 923 3050 felicem,delclici
942 2945 983 3032 iu
998 2942 1245 3060 lelicius(sic),
1267 2941 1317 3029 de
1336 2969 1524 3061 prospero
1541 2942 1577 3028 in
1592 2939 1755 3043 uberius,
1771 2949 1808 3028 et
1823 2937 1872 3031 de
1886 2952 2003 3056 aucto

373 3053 411 3144 in
431 3056 590 3174 amplius
610 3089 841 3181 augeamus:
870 3063 1050 3182 usquein
1071 3091 1118 3180 eo
1138 3077 1307 3150 nostrum
1327 3060 1515 3148 exorbitat
1534 3059 1784 3178 propositum,
1804 3086 1891 3144 nam
1912 3085 2003 3146 con·
2066 3096 2072 3113 .

373 3171 516 3263 sulcius
535 3189 614 3282 est,
637 3196 697 3286 ut,
718 3207 803 3268 cum
823 3179 932 3270 nichil
953 3181 1102 3268 cercius
1121 3195 1260 3284 morte,
1292 3193 1330 3267 ct
1349 3175 1460 3266 nichil
1481 3178 1667 3264 incercius
1686 3175 1780 3263 bora
1802 3176 1933 3263 mortis
1954 3176 2003 3264 sit

373 3289 412 3377 in
432 3289 541 3378 buius
559 3299 679 3385 seculi
698 3299 906 3388 arescentis
925 3287 1240 3418 peregrinacione
1259 3293 1661 3416 humanis-(t)sgentes,
1674 3307 1842 3382 ausuum
1854 3293 2002 3380 eteius*

373 3404 461 3495 deur
481 3406 630 3500 domirro
658 3415 811 3536 Regino
839 3431 975 3505 statum
995 3415 1149 3506 excelsa
1169 3413 1535 3535 gloria-extollamus
1555 3413 1687 3519 taliter,
1708 3409 1811 3532 quod
1831 3411 1868 3498 in
1886 3423 2002 3497 antea

373 3523 537 3614 comoda
556 3527 684 3650 Regni
704 3536 823 3624 nostri
842 3536 1071 3622 inmemmta
1091 3533 1282 3622 obtineant
1302 3531 1501 3648 adoptata:
1532 3531 1604 3649 hijs
1623 3530 1766 3618 idcirco
1787 3527 2001 3616 racionabi-

372 3640 469 3729 libus
503 3648 630 3736 causis
654 3653 762 3759 moti,
794 3652 966 3740 ultroneo
1006 3651 1188 3740 baronum
1222 3665 1259 3738 et
1290 3648 1584 3738 consiliariorum
1625 3662 1837 3736 nostrorum
1871 3644 2001 3734 habito

373 3759 551 3866 consilio,
578 3771 782 3858 occasione
808 3771 887 3857 veri
915 3783 951 3858 ct
980 3770 1065 3858 iusti
1093 3767 1255 3885 dotalicij
1281 3765 1367 3855 dicti
1402 3765 1597 3886 vulgariter
1623 3773 1757 3871 Wnno,
1787 3778 1911 3852 terras
1929 3791 1999 3850 no·

372 3890 473 3966 atras
510 3879 678 3998 Cuycuie
699 3903 744 3976 ‘et
762 3886 924 3995 Russie,
963 3911 1047 3974 cum
1077 3885 1281 3974 earundem
1318 3883 1490 3973 omnibus
1517 3886 1671 3989 nustria,
1701 3880 1914 3996 lortalicijs,
1946 3878 1998 3965 oi·
2069 3863 2085 3959 i
2158 3904 2167 3949 ι

373 3993 565 4101 vitatibus,
604 4005 896 4110 municionibus,
936 4003 1182 4108 districtibus,
1221 4003 1335 4109 villis,
1375 4000 1541 4118 allodijs,
1574 3999 1777 4113 suburbiis,
1808 3994 1997 4102 censibus,

371 4109 601 4222 redditibus,
630 4123 892 4237 proventibus,
924 4121 1237 4225 obvencionibus,
1266 4117 1466 4222 fructibus,
1496 4117 1728 4219 utilitatibus,
1760 4113 1888 4232 agris,
1908 4140 1997 4228 pru·

371 4228 438 4334 tis,
469 4233 612 4348 campis
634 4239 741 4324 cultis
762 4251 800 4326 et
818 4237 981 4341 incultis,
1012 4237 1250 4356 graminetis,
1281 4235 1405 4338 silvis,
1435 4231 1668 4337 nemoribus,
1699 4230 1815 4352 gaijs,
1856 4229 1996 4347 virgul-

369 4344 438 4452 tis,
467 4346 630 4459 rubetis,
670 4354 877 4473 quercetiS,
916 4355 1082 4460 maricis,
1113 4353 1257 4462 borriS,
1288 4351 1438 4469 pinetis,
1469 4348 1682 4466 mellilroijs,
1713 4345 1995 4453 veracioribus

372 4466 709 4582 aucupaciouibus,
746 4469 984 4577 molendinis,
1021 4469 1197 4591 piscinis,
1237 4467 1465 4574 obstaculis,
1510 4465 1740 4574 lluminibus,
1785 4462 1995 4581 piscaturis,

449 4764 513 4864 ·(¹)
541 4765 590 4840 Ex
604 4772 694 4842 archs·
788 4771 1033 4872 mambranaceo,
1055 4769 1136 4860 quod
1159 4769 1191 4836 ln
1210 4767 1358 4838 tabulario
1379 4765 1511 4856 quodum
1532 4765 1649 4855 privato
1670 4765 1702 4834 in
1725 4767 1833 4854 Regno
1847 4767 1991 4844 Galliciac

369 4845 490 4916 oondrlo
510 4865 697 4939 flammabat,
732 4864 902 4944 mmrpbrm.
936 4853 1072 4943 Sigillum
1087 4853 1183 4923 deest·

487 4975 578 5028 Tecum
587 4979 622 5032 11.
1790 4969 1825 5026 «u
