4876 5940
1026 759 1298 832 -lii—

1078 1121 1248 1239 exet.

457 1397 700 1498 dedunt,
718 1416 885 1519 'anno
910 1393 1068 1481 leuc
1096 1395 1190 1479 dte
1215 1391 1280 1476 li
1306 1394 1508 1478 menits
1534 1395 1873 1482 Decembris.
1973 1501 1976 1508 Ι

345 1599 655 1672 wladislaus
678 1531 857 1690 uouitu)
879 1599 971 1672 toros
992 1597 1091 1688 ungu
1112 1595 1258 1669 intono
1279 1599 1470 1686 auertitur,
1493 1597 1738 1672 controuersiam
1757 1597 1838 1672 tntu
1855 1601 1978 1675 turm

344 1699 383 1774 in
397 1703 586 1771 Notescet
599 1704 697 1776 tttinu
712 1705 869 1792 monere,
889 1707 923 1775 nt
939 1699 1139 1774 florentum
1153 1699 1338 1788 inunum
1354 1700 1506 1772 roderico
1521 1699 1792 1774 viiununuu
1806 1701 1846 1775 in
1860 1701 1978 1776 utut·

438 1797 444 1812 ⁸
521 1803 623 1878 citou
638 1805 793 1878 cuorus
806 1804 907 1878 illotis
922 1809 1081 1893 nonen,
1101 1821 1157 1894 pu
1170 1805 1278 1876 nutu
1292 1803 1427 1876 utun
1441 1803 1650 1892 componun
1664 1821 1738 1877 uu
1752 1805 1801 1890 (¹).

445 2027 487 2114 ln
516 2029 664 2116 nomine
691 2027 849 2136 domini,
880 2059 1000 2117 amen.
1050 2028 1133 2118 Nos
1165 2027 1401 2116 Wlndisleus
1431 2025 1490 2114 dei
1521 2029 1652 2144 grecia
1685 2027 1761 2114 dux
1791 2044 1976 2116 terrarum
2095 2119 2097 2134 ,

262 2207 265 2215 ι
342 2145 546 2253 Craoouie,
563 2146 831 2252 Sandomirie,
862 2149 1112 2252 Pomoranie,
1147 2149 1331 2263 Cuyauie,
1364 2143 1569 2262 Lancycie,
1592 2145 1768 2262 Syradie,
1795 2177 1842 2234 ac
1863 2177 1977 2236 verus

324 2264 454 2354 lieres
481 2269 603 2354 tocius
634 2265 762 2387 Regni
794 2267 974 2368 Polonie,
1006 2299 1074 2385 pen
1095 2268 1167 2354 hec
1187 2267 1326 2384 scripta
1348 2265 1495 2381 publice
1516 2279 1975 2382 protestamurzuenern·
2051 2315 2068 2364 Δ,

341 2382 451 2470 bilem
482 2385 518 2471 in
550 2385 700 2472 Christo
732 2401 874 2502 patrem
906 2385 1099 2473 dominum'
1127 2383 1379 2470 Gerwerdum
1411 2385 1629 2500 episcopum
1659 2383 1975 2472 wladislauiensis

343 2500 518 2601 ecclesie,
539 2503 787 2619 impresencia
809 2505 891 2614 (sic)
912 2517 1042 2590 nostra
1063 2518 1352 2618 nostrorumque
1372 2499 1569 2588 Beronum
1592 2504 1842 2606 constitutum,
1873 2503 1976 2588 innu-

341 2620 557 2707 merabilem
606 2621 847 2708 uerimoniam
870 2623 1115 2738 proposuisse
1135 2634 1268 2706 contra
1290 2621 1443 2706 Petrum
1465 2618 1513 2706 de
1528 2616 1841 2730 Nowtnourttt),
1863 2619 1975 2708 lilium

342 2737 510 2826 Swence
539 2653 689 2857 palatini
720 2737 956 2842 Gdanensis,
989 2769 1058 2854 pro
1089 2737 1262 2851 dampnis
1293 2751 1328 2822 et
1356 2737 1496 2852 iniurijs
1527 2737 1616 2840 sibi,
1648 2752 1685 2822 et
1715 2735 1877 2824 ecclesie
1908 2767 1977 2838 sue

343 2853 671 2970 Wladislauiensi,
702 2888 772 2976 per
798 2856 957 2945 eundern
987 2858 1138 2944 Petrum
1161 2855 1288 2942 illatis:
1321 2853 1470 2940 tandem
1492 2853 1541 2938 de
1561 2854 1766 2970 proborum
1787 2853 1976 2940 hominum

341 2975 515 3081 consilio,
542 2991 699 3094 utraque
720 3006 810 3093 pars
831 2975 990 3064 eandem
1012 2975 1310 3062 controuersiam
1333 2973 1466 3060 volens
1487 2972 1611 3060 debito
1634 2971 1748 3060 modo
1769 2984 1976 3090 amputare,

270 3144 272 3152 ,
341 3095 597 3210 compromisit
629 3095 831 3184 innobiles
855 3097 977 3200 viros3
1010 3094 1182 3182 videlicet
1208 3091 1383 3180 dominus
1404 3091 1609 3208 episcopus
1629 3121 1699 3208 pro
1722 3104 1827 3208 porte
1848 3120 1916 3183 sua
1939 3093 1976 3180 in
2105 3145 2106 3150 κ

341 3211 592 3328 Wyrbentam
614 3217 916 3317 cracouiensem‚
945 3211 1177 3300 Kelczonem
1198 3211 1490 3328 poznunieusern
1513 3209 1716 3326 palatinos,
1745 3209 1975 3296 Clementem

341 3331 586 3418 castellanum
607 3332 887 3449 syradiensem,
918 3331 1108 3420 dominum
1129 3328 1354 3417 Stanislaurn
1377 3329 1607 3445 prepositum
1631 3327 1975 3444 Cruswyoiensem3

340 3449 480 3538 Petrus
515 3477 607 3538 vero
644 3481 713 3568 pro
749 3467 855 3568 perte
891 3481 981 3556 sua,
1017 3451 1054 3536 in
1083 3447 1299 3535 Bronisium
1336 3445 1526 3564 quondam
1558 3445 1757 3563 palatinum
1795 3445 1974 3561 Cuyauie,

339 3566 540 3688 Bogusam
560 3569 720 3656 iudicem
737 3569 991 3674 Pomoranie,
1013 3565 1503 3684 Woyslaum‘castellauum
1525 3565 1574 3650 de
1595 3571 1738 3672 Porri,
1760 3565 1975 3652 iohannem
2020 3595 2056 3638 a*

339 3683 477 3774 dictum
510 3685 559 3773 do
590 3687 692 3794 Pen,
715 3689 980 3806 promittentes
1003 3685 1052 3773 ad
1075 3717 1207 3772 manus
1229 3701 1380 3772 nostras
1400 3685 1501 3771 bona
1523 3683 1599 3770 fide
1619 3699 1739 3770 ratum
1771 3699 1808 3770 et
1828 3683 1974 3770 lirmum
2034 3671 2041 3689 ’

339 3819 478 3910 tenere,
499 3806 673 3926 quicquid
689 3813 764 3925 'per
785 3806 975 3924 predictos
995 3806 1156 3894 arbitros
1175 3805 1285 3890 luerit
1298 3802 1519 3905 ordinatum,
1540 3832 1608 3888 seu
1631 3805 1748 3888 eciam
1771 3801 1973 3888 diffinitum

340 3921 417 4038 Qui
438 3924 664 4014 secedentes
690 3927 726 4012 in
748 3941 911 4044 partem,
942 3923 1079 4012 auditis
1100 3922 1398 4040 allegacionibus
1420 3919 1612 4008 hincinde
1633 3921 1749 4034 partis
1772 3920 1974 4034 utriusque,
2104 3993 2110 4006 .

338 4042 557 4132 discutione
570 4044 653 4154 (sic)
674 4060 711 4131 et
727 4045 1008 4130 examinacione
1025 4041 1190 4161 diligenti
1208 4042 1414 4158 prehabita,
1436 4037 1627 4155 predictus
1641 4038 1724 4147 (sic)
1741 4037 1877 4122 Petrus
1890 4036 1972 4146 (sic)

340 4159 493 4250 domino
515 4161 697 4278 episcopo
718 4161 937 4276 supradicto
959 4177 995 4248 et
1014 4191 1082 4246 sue
1103 4160 1263 4246 ecclesie
1285 4188 1355 4276 pro
1376 4156 1559 4274 dampnis,
1581 4157 1721 4271 iniurijs
1742 4183 1790 4238 ac
1812 4183 1973 4270 oppres·

340 4278 529 4386 sionibus,
559 4278 596 4364 in
617 4277 790 4395 dominijs
819 4278 1098 4398 episcopalibus
1127 4279 1255 4382 lactis,
1286 4277 1323 4362 in
1351 4273 1499 4362 duobus
1526 4273 1671 4360 milibus
1699 4272 1972 4360 sentencialiter
2098 4321 2101 4330 Δ

442 4564 480 4650 (¹)
507 4565 553 4632 Ex
577 4565 737 4651 archetypo
762 4562 1007 4637 membranaceo,
1032 4561 1114 4650 (prod
1139 4559 1170 4626 in
1193 4559 1338 4626 tabulario
1364 4559 1482 4646 capituli
1509 4557 1767 4624 wladislaviensis
1793 4565 1971 4634 asservatur,

342 4649 534 4737 descriptum.
570 4651 671 4717 Unum
686 4651 710 4714 si
734 4647 815 4714 illum
831 4667 940 4733 parvae
955 4647 1069 4734 figurae
1083 4647 1214 4712 deletum
1230 4645 1340 4732 pendet
1354 4643 1464 4730 pendet
1478 4642 1609 4709 luniculo
1631 4643 1727 4708 serico
1748 4641 1857 4706 coloris
1877 4643 1970 4708 rubri.

444 4735 482 4820 [²]
512 4735 690 4834 Neuenberp
712 4670 858 4818 ipotonice
880 4731 985 4814 Nouo]
1007 4731 1149 4818 oppidum
1172 4733 1203 4796 in
1221 4731 1303 4796 loeva
1326 4737 1411 4815 parte
1431 4729 1567 4796 vistulae
1588 4728 1679 4792 situm
1701 4727 1731 4791 in
1754 4725 1820 4791 loco
1843 4726 1970 4824 editiori.

342 4819 394 4885 ubi
415 4821 497 4886 rivus
517 4821 646 4885 Montau
665 4841 695 4884 rn
712 4818 859 4884 vistulam
875 4817 985 4894 influit,
1007 4816 1096 4882 hodie
1118 4819 1148 4884 in
1162 4815 1313 4882 territurio
1335 4813 1550 4900 llwidzpuensi
1571 4813 1694 4898 regione
1716 4809 1879 4878 Swieceusr
1901 4830 1970 4876 cum

342 4904 467 4992 antique
482 4925 559 4971 arce.
594 4907 628 4970 ln
643 4901 813 4992 propinquo
828 4910 874 4970 est
888 4903 977 4968 etiem
991 4900 1148 4989 praedium
1162 4901 1306 4967 rusticum
1322 4898 1506 4986 Nutrnburp
1519 4897 1639 4966 dictum.
1676 4895 1722 4964 Cl.
1735 4896 1855 4964 llitlleri
1871 4893 1969 4962 iudex.

934 4999 937 5014 '
1118 5039 1122 5046 .
1945 5005 1969 5040 rr
