<?xml version="1.0" encoding="UTF-8"?>
<!DOCTYPE html PUBLIC "-//W3C//DTD XHTML 1.0 Transitional//EN"
    "http://www.w3.org/TR/xhtml1/DTD/xhtml1-transitional.dtd">
<html xmlns="http://www.w3.org/1999/xhtml" xml:lang="en" lang="en">
 <head>
  <title>
</title>
<meta http-equiv="Content-Type" content="text/html;charset=utf-8" />
  <meta name='ocr-system' content='tesseract 3.04.00' />
  <meta name='ocr-capabilities' content='ocr_page ocr_carea ocr_par ocr_line ocrx_word'/>
</head>
<body>
  <div class='ocr_page' id='page_1' title='image "./codexdiplomatic01bartgoog_0501.png"; bbox 0 0 4926 5940; ppageno 0'>
   <div class='ocr_carea' id='block_1_1' title="bbox 1000 644 1363 762">
    <p class='ocr_par' dir='ltr' id='par_1_1' title="bbox 1000 644 1363 762">
     <span class='ocr_line' id='line_1_1' title="bbox 1000 644 1363 762; baseline -0.003 0"><span class='ocrx_word' id='word_1_1' title='bbox 1000 644 1363 762; x_wconf 42' lang='lat' dir='ltr'>staca-</span> 
     </span>
    </p>
   </div>
   <div class='ocr_carea' id='block_1_2' title="bbox 413 884 2043 2191">
    <p class='ocr_par' dir='ltr' id='par_1_2' title="bbox 413 884 2043 2191">
     <span class='ocr_line' id='line_1_2' title="bbox 413 884 2041 1004; baseline -0.002 -26"><span class='ocrx_word' id='word_1_2' title='bbox 413 889 698 978; x_wconf 87' lang='lat' dir='ltr'>demolioionem</span> <span class='ocrx_word' id='word_1_3' title='bbox 730 903 844 1002; x_wconf 83' lang='lat' dir='ltr'>atquc</span> <span class='ocrx_word' id='word_1_4' title='bbox 864 888 1191 1004; x_wconf 90' lang='lat' dir='ltr'>deportacionem,</span> <span class='ocrx_word' id='word_1_5' title='bbox 1228 901 1265 976; x_wconf 88' lang='lat' dir='ltr'>et</span> <span class='ocrx_word' id='word_1_6' title='bbox 1283 885 1558 975; x_wconf 88' lang='lat' dir='ltr'>obduccionem</span> <span class='ocrx_word' id='word_1_7' title='bbox 1580 886 1787 1004; x_wconf 82' lang='lat' dir='ltr'>lignorum,</span> <span class='ocrx_word' id='word_1_8' title='bbox 1816 884 1982 1004; x_wconf 89' lang='lat' dir='ltr'>lapidum</span> <span class='ocrx_word' id='word_1_9' title='bbox 2004 901 2041 974; x_wconf 91' lang='lat' dir='ltr'>et</span> 
     </span>
     <span class='ocr_line' id='line_1_3' title="bbox 414 1004 2039 1126; baseline -0.003 -30"><span class='ocrx_word' id='word_1_10' title='bbox 414 1010 571 1096; x_wconf 89' lang='lat' dir='ltr'>laterum</span> <span class='ocrx_word' id='word_1_11' title='bbox 602 1039 671 1126; x_wconf 90' lang='lat' dir='ltr'>per</span> <span class='ocrx_word' id='word_1_12' title='bbox 706 1007 830 1094; x_wconf 89' lang='lat' dir='ltr'>dictos</span> <span class='ocrx_word' id='word_1_13' title='bbox 850 1008 1120 1126; x_wconf 77' lang='lat' dir='ltr'><strong>proconsules,</strong></span> <span class='ocrx_word' id='word_1_14' title='bbox 1152 1005 1350 1108; x_wconf 90' lang='lat' dir='ltr'>consules,</span> <span class='ocrx_word' id='word_1_15' title='bbox 1388 1020 1424 1092; x_wconf 89' lang='lat' dir='ltr'>et</span> <span class='ocrx_word' id='word_1_16' title='bbox 1444 1005 1724 1114; x_wconf 55' lang='lat' dir='ltr'>universitatem,</span> <span class='ocrx_word' id='word_1_17' title='bbox 1756 1004 1837 1096; x_wconf 91' lang='lat' dir='ltr'>sive</span> <span class='ocrx_word' id='word_1_18' title='bbox 1872 1005 2039 1092; x_wconf 92' lang='lat' dir='ltr'>comuni-</span> 
     </span>
     <span class='ocr_line' id='line_1_4' title="bbox 413 1122 2040 1245; baseline -0.002 -31"><span class='ocrx_word' id='word_1_19' title='bbox 413 1139 525 1214; x_wconf 89' lang='lat' dir='ltr'>tatem</span> <span class='ocrx_word' id='word_1_20' title='bbox 547 1126 649 1245; x_wconf 91' lang='lat' dir='ltr'>opidi</span> <span class='ocrx_word' id='word_1_21' title='bbox 669 1128 706 1213; x_wconf 94' lang='lat' dir='ltr'>in</span> <span class='ocrx_word' id='word_1_22' title='bbox 730 1132 929 1229; x_wconf 79' lang='lat' dir='ltr'>Gdnncz&#39;lr,</span> <span class='ocrx_word' id='word_1_23' title='bbox 951 1153 999 1214; x_wconf 87' lang='lat' dir='ltr'>ac</span> <span class='ocrx_word' id='word_1_24' title='bbox 1015 1124 1063 1212; x_wconf 89' lang='lat' dir='ltr'>de</span> <span class='ocrx_word' id='word_1_25' title='bbox 1079 1125 1228 1211; x_wconf 90' lang='lat' dir='ltr'>comuni</span> <span class='ocrx_word' id='word_1_26' title='bbox 1241 1125 1323 1236; x_wconf 86' lang='lat' dir='ltr'>(sio)</span> <span class='ocrx_word' id='word_1_27' title='bbox 1341 1122 1529 1228; x_wconf 88' lang='lat' dir='ltr'>mandato,</span> <span class='ocrx_word' id='word_1_28' title='bbox 1546 1123 1770 1210; x_wconf 88' lang='lat' dir='ltr'>coniunctim</span> <span class='ocrx_word' id='word_1_29' title='bbox 1792 1152 1860 1208; x_wconf 92' lang='lat' dir='ltr'>seu</span> <span class='ocrx_word' id='word_1_30' title='bbox 1882 1123 2040 1232; x_wconf 84' lang='lat' dir='ltr'>divisim,</span> 
     </span>
     <span class='ocr_line' id='line_1_5' title="bbox 415 1239 2041 1356; baseline -0.001 -25"><span class='ocrx_word' id='word_1_31' title='bbox 415 1245 554 1351; x_wconf 86' lang='lat' dir='ltr'>lactas,</span> <span class='ocrx_word' id='word_1_32' title='bbox 585 1246 701 1332; x_wconf 89' lang='lat' dir='ltr'>luisse</span> <span class='ocrx_word' id='word_1_33' title='bbox 723 1261 760 1333; x_wconf 89' lang='lat' dir='ltr'>et</span> <span class='ocrx_word' id='word_1_34' title='bbox 780 1275 869 1356; x_wconf 82' lang='lat' dir='ltr'>asse</span> <span class='ocrx_word' id='word_1_35' title='bbox 901 1245 1140 1343; x_wconf 90' lang='lat' dir='ltr'>temerarias,</span> <span class='ocrx_word' id='word_1_36' title='bbox 1172 1243 1335 1354; x_wconf 88' lang='lat' dir='ltr'>iniquas,</span> <span class='ocrx_word' id='word_1_37' title='bbox 1366 1239 1511 1329; x_wconf 86' lang='lat' dir='ltr'>illicitas</span> <span class='ocrx_word' id='word_1_38' title='bbox 1540 1257 1577 1328; x_wconf 86' lang='lat' dir='ltr'>et</span> <span class='ocrx_word' id='word_1_39' title='bbox 1596 1242 1772 1346; x_wconf 88' lang='lat' dir='ltr'>iniustas,</span> <span class='ocrx_word' id='word_1_40' title='bbox 1802 1270 1850 1327; x_wconf 91' lang='lat' dir='ltr'>ac</span> <span class='ocrx_word' id='word_1_41' title='bbox 1871 1239 1919 1328; x_wconf 91' lang='lat' dir='ltr'>de</span> <span class='ocrx_word' id='word_1_42' title='bbox 1939 1242 2041 1334; x_wconf 87' lang='lat' dir='ltr'>lacto</span> 
     </span>
     <span class='ocr_line' id='line_1_6' title="bbox 413 1357 2041 1481; baseline -0.002 -31"><span class='ocrx_word' id='word_1_43' title='bbox 413 1379 673 1481; x_wconf 86' lang='lat' dir='ltr'>presumptas,</span> <span class='ocrx_word' id='word_1_44' title='bbox 700 1393 749 1450; x_wconf 90' lang='lat' dir='ltr'>ae</span> <span class='ocrx_word' id='word_1_45' title='bbox 775 1361 976 1450; x_wconf 87' lang='lat' dir='ltr'>ecclesiam</span> <span class='ocrx_word' id='word_1_46' title='bbox 1014 1360 1368 1448; x_wconf 79' lang='lat' dir='ltr'>wladislaviensem</span> <span class='ocrx_word' id='word_1_47' title='bbox 1397 1371 1436 1446; x_wconf 90' lang='lat' dir='ltr'>et</span> <span class='ocrx_word' id='word_1_48' title='bbox 1464 1359 1544 1447; x_wconf 90' lang='lat' dir='ltr'>eius</span> <span class='ocrx_word' id='word_1_49' title='bbox 1571 1389 1738 1447; x_wconf 88' lang='lat' dir='ltr'>mensam</span> <span class='ocrx_word' id='word_1_50' title='bbox 1774 1357 2041 1476; x_wconf 87' lang='lat' dir='ltr'>Episcopaleru</span> 
     </span>
     <span class='ocr_line' id='line_1_7' title="bbox 414 1478 2042 1598; baseline -0.003 -30"><span class='ocrx_word' id='word_1_51' title='bbox 414 1511 484 1598; x_wconf 92' lang='lat' dir='ltr'>per</span> <span class='ocrx_word' id='word_1_52' title='bbox 502 1484 688 1598; x_wconf 88' lang='lat' dir='ltr'>premissa</span> <span class='ocrx_word' id='word_1_53' title='bbox 718 1483 754 1569; x_wconf 94' lang='lat' dir='ltr'>in</span> <span class='ocrx_word' id='word_1_54' title='bbox 776 1482 939 1594; x_wconf 83' lang='lat' dir='ltr'>quinque</span> <span class='ocrx_word' id='word_1_55' title='bbox 960 1480 1104 1568; x_wconf 90' lang='lat' dir='ltr'>milibus</span> <span class='ocrx_word' id='word_1_56' title='bbox 1127 1479 1210 1592; x_wconf 86' lang='lat' dir='ltr'>(sic)</span> <span class='ocrx_word' id='word_1_57' title='bbox 1239 1478 1444 1596; x_wconf 81' lang='lat' dir='ltr'>sexagenis</span> <span class='ocrx_word' id='word_1_58' title='bbox 1465 1507 1689 1598; x_wconf 79' lang='lat' dir='ltr'>grossorum</span> <span class='ocrx_word' id='word_1_59' title='bbox 1712 1478 1869 1566; x_wconf 89' lang='lat' dir='ltr'>latorum</span> <span class='ocrx_word' id='word_1_60' title='bbox 1891 1479 1928 1564; x_wconf 90' lang='lat' dir='ltr'>in</span> <span class='ocrx_word' id='word_1_61' title='bbox 1950 1487 2042 1572; x_wconf 87' lang='lat' dir='ltr'>sub-</span> 
     </span>
     <span class='ocr_line' id='line_1_8' title="bbox 414 1595 2041 1714; baseline -0.001 -30"><span class='ocrx_word' id='word_1_62' title='bbox 414 1599 589 1686; x_wconf 88' lang='lat' dir='ltr'>versione</span> <span class='ocrx_word' id='word_1_63' title='bbox 610 1617 647 1688; x_wconf 87' lang='lat' dir='ltr'>et</span> <span class='ocrx_word' id='word_1_64' title='bbox 667 1597 916 1689; x_wconf 90' lang='lat' dir='ltr'>demolicioue</span> <span class='ocrx_word' id='word_1_65' title='bbox 944 1599 1043 1688; x_wconf 88' lang='lat' dir='ltr'>dicte</span> <span class='ocrx_word' id='word_1_66' title='bbox 1073 1597 1208 1686; x_wconf 85' lang='lat' dir='ltr'>domus</span> <span class='ocrx_word' id='word_1_67' title='bbox 1236 1595 1439 1684; x_wconf 75' lang='lat' dir='ltr'>et&#39;oeteris</span> <span class='ocrx_word' id='word_1_68' title='bbox 1469 1627 1538 1714; x_wconf 90' lang='lat' dir='ltr'>per</span> <span class='ocrx_word' id='word_1_69' title='bbox 1567 1595 1759 1712; x_wconf 91' lang='lat' dir='ltr'>predictos</span> <span class='ocrx_word' id='word_1_70' title='bbox 1780 1597 2041 1714; x_wconf 83' lang='lat' dir='ltr'>proconsules,</span> 
     </span>
     <span class='ocr_line' id='line_1_9' title="bbox 415 1713 2043 1836; baseline 0 -34"><span class='ocrx_word' id='word_1_71' title='bbox 415 1717 611 1820; x_wconf 88' lang='lat' dir='ltr'>consules,</span> <span class='ocrx_word' id='word_1_72' title='bbox 644 1718 831 1836; x_wconf 83' lang='lat' dir='ltr'>opidanos</span> <span class='ocrx_word' id='word_1_73' title='bbox 861 1747 909 1807; x_wconf 90' lang='lat' dir='ltr'>ac</span> <span class='ocrx_word' id='word_1_74' title='bbox 928 1718 1204 1806; x_wconf 89' lang='lat' dir='ltr'>universitatem</span> <span class='ocrx_word' id='word_1_75' title='bbox 1238 1713 1340 1832; x_wconf 91' lang='lat' dir='ltr'>opidi</span> <span class='ocrx_word' id='word_1_76' title='bbox 1363 1719 1544 1802; x_wconf 78' lang='lat' dir='ltr'>Gdcnczle</span> <span class='ocrx_word' id='word_1_77' title='bbox 1561 1715 1848 1829; x_wconf 82' lang='lat' dir='ltr'>dampnificatos</span> <span class='ocrx_word' id='word_1_78' title='bbox 1868 1719 1985 1803; x_wconf 86' lang='lat' dir='ltr'>luisse</span> <span class='ocrx_word' id='word_1_79' title='bbox 2006 1737 2043 1810; x_wconf 83' lang='lat' dir='ltr'>et</span> 
     </span>
     <span class='ocr_line' id='line_1_10' title="bbox 414 1832 2043 1952; baseline 0.003 -30"><span class='ocrx_word' id='word_1_80' title='bbox 414 1865 521 1936; x_wconf 88' lang='lat' dir='ltr'>csse,</span> <span class='ocrx_word' id='word_1_81' title='bbox 551 1838 732 1951; x_wconf 89' lang='lat' dir='ltr'>ipsosque</span> <span class='ocrx_word' id='word_1_82' title='bbox 752 1837 1019 1952; x_wconf 81' lang='lat' dir='ltr'>proconsules,</span> <span class='ocrx_word' id='word_1_83' title='bbox 1042 1836 1235 1938; x_wconf 89' lang='lat' dir='ltr'>consules,</span> <span class='ocrx_word' id='word_1_84' title='bbox 1258 1832 1461 1950; x_wconf 77' lang='lat' dir='ltr'>opidanos,</span> <span class='ocrx_word' id='word_1_85' title='bbox 1482 1864 1530 1921; x_wconf 91' lang='lat' dir='ltr'>ac</span> <span class='ocrx_word' id='word_1_86' title='bbox 1550 1835 1827 1924; x_wconf 89' lang='lat' dir='ltr'>universitatem</span> <span class='ocrx_word' id='word_1_87' title='bbox 1848 1835 1898 1922; x_wconf 89' lang='lat' dir='ltr'>ad</span> <span class='ocrx_word' id='word_1_88' title='bbox 1918 1866 2043 1928; x_wconf 88' lang='lat' dir='ltr'>resar-</span> 
     </span>
     <span class='ocr_line' id='line_1_11' title="bbox 414 1951 2041 2079; baseline 0.009 -43"><span class='ocrx_word' id='word_1_89' title='bbox 414 1951 587 2040; x_wconf 88' lang='lat' dir='ltr'>ciendum</span> <span class='ocrx_word' id='word_1_90' title='bbox 610 1967 648 2040; x_wconf 88' lang='lat' dir='ltr'>et</span> <span class='ocrx_word' id='word_1_91' title='bbox 667 1953 939 2052; x_wconf 82' lang='lat' dir='ltr'>refundendum</span> <span class='ocrx_word' id='word_1_92' title='bbox 965 1954 1068 2044; x_wconf 92' lang='lat' dir='ltr'>dicto</span> <span class='ocrx_word' id='word_1_93' title='bbox 1095 1953 1329 2042; x_wconf 89' lang='lat' dir='ltr'>Reverendo</span> <span class='ocrx_word' id='word_1_94' title='bbox 1359 1955 1454 2070; x_wconf 90' lang='lat' dir='ltr'>patri</span> <span class='ocrx_word' id='word_1_95' title='bbox 1476 1952 1627 2042; x_wconf 93' lang='lat' dir='ltr'>dominc</span> <span class='ocrx_word' id='word_1_96' title='bbox 1647 1955 1823 2062; x_wconf 74' lang='lat' dir='ltr'>iohanni,</span> <span class='ocrx_word' id='word_1_97' title='bbox 1844 1955 2041 2079; x_wconf 83' lang='lat' dir='ltr'>Episcopo</span> 
     </span>
     <span class='ocr_line' id='line_1_12' title="bbox 415 2067 2042 2191; baseline 0.006 -35"><span class='ocrx_word' id='word_1_98' title='bbox 415 2067 726 2158; x_wconf 90' lang='lat' dir='ltr'>Wladislaviensi</span> <span class='ocrx_word' id='word_1_99' title='bbox 754 2073 997 2161; x_wconf 89' lang='lat' dir='ltr'>modernoet</span> <span class='ocrx_word' id='word_1_100' title='bbox 1017 2075 1097 2162; x_wconf 89' lang='lat' dir='ltr'>eius</span> <span class='ocrx_word' id='word_1_101' title='bbox 1117 2103 1268 2178; x_wconf 90' lang='lat' dir='ltr'>mense,</span> <span class='ocrx_word' id='word_1_102' title='bbox 1290 2070 1388 2158; x_wconf 92' lang='lat' dir='ltr'>diota</span> <span class='ocrx_word' id='word_1_103' title='bbox 1412 2071 1574 2188; x_wconf 85' lang='lat' dir='ltr'>dampna</span> <span class='ocrx_word' id='word_1_104' title='bbox 1595 2073 1932 2191; x_wconf 85' lang='lat' dir='ltr'>condempnandos</span> <span class='ocrx_word' id='word_1_105' title='bbox 1960 2082 2042 2166; x_wconf 88' lang='lat' dir='ltr'>lore</span> 
     </span>
    </p>
   </div>
   <div class='ocr_carea' id='block_1_3' title="bbox 271 2181 2041 2315">
    <p class='ocr_par' dir='ltr' id='par_1_3' title="bbox 271 2181 2041 2315">
     <span class='ocr_line' id='line_1_13' title="bbox 271 2181 2041 2315; baseline 0.006 -42"><span class='ocrx_word' id='word_1_106' title='bbox 271 2245 279 2262; x_wconf 86' lang='lat'><strong>·</strong></span> <span class='ocrx_word' id='word_1_107' title='bbox 415 2199 453 2274; x_wconf 86' lang='lat' dir='ltr'>et</span> <span class='ocrx_word' id='word_1_108' title='bbox 473 2187 814 2308; x_wconf 82' lang='lat' dir='ltr'>condempnemuS,</span> <span class='ocrx_word' id='word_1_109' title='bbox 847 2192 1238 2308; x_wconf 87' lang='lat' dir='ltr'>condempnatosque,</span> <span class='ocrx_word' id='word_1_110' title='bbox 1276 2204 1315 2276; x_wconf 92' lang='lat' dir='ltr'>ut</span> <span class='ocrx_word' id='word_1_111' title='bbox 1336 2187 1384 2276; x_wconf 91' lang='lat' dir='ltr'>de</span> <span class='ocrx_word' id='word_1_112' title='bbox 1405 2181 1511 2276; x_wconf 90' lang='lat' dir='ltr'>dictis</span> <span class='ocrx_word' id='word_1_113' title='bbox 1533 2189 1705 2306; x_wconf 85' lang='lat' dir='ltr'>dampnis</span> <span class='ocrx_word' id='word_1_114' title='bbox 1727 2208 1764 2280; x_wconf 84' lang='lat' dir='ltr'>et</span> <span class='ocrx_word' id='word_1_115' title='bbox 1784 2195 2041 2315; x_wconf 90' lang='lat' dir='ltr'>condempna-</span> 
     </span>
    </p>
   </div>
   <div class='ocr_carea' id='block_1_4' title="bbox 415 2304 2042 2430">
    <p class='ocr_par' dir='ltr' id='par_1_4' title="bbox 415 2304 2042 2430">
     <span class='ocr_line' id='line_1_14' title="bbox 415 2304 2042 2430; baseline 0.009 -40"><span class='ocrx_word' id='word_1_116' title='bbox 415 2304 461 2392; x_wconf 93' lang='lat' dir='ltr'>tis</span> <span class='ocrx_word' id='word_1_117' title='bbox 481 2307 627 2423; x_wconf 83' lang='lat' dir='ltr'>prelato</span> <span class='ocrx_word' id='word_1_118' title='bbox 647 2307 879 2396; x_wconf 87' lang='lat' dir='ltr'>Reverendo</span> <span class='ocrx_word' id='word_1_119' title='bbox 914 2311 1011 2426; x_wconf 88' lang='lat' dir='ltr'>patri</span> <span class='ocrx_word' id='word_1_120' title='bbox 1043 2309 1274 2394; x_wconf 84' lang='lat' dir='ltr'>satisfaciant</span> <span class='ocrx_word' id='word_1_121' title='bbox 1293 2308 1443 2396; x_wconf 80' lang='lat' dir='ltr'>realiter</span> <span class='ocrx_word' id='word_1_122' title='bbox 1469 2337 1552 2394; x_wconf 92' lang='lat' dir='ltr'>oum</span> <span class='ocrx_word' id='word_1_123' title='bbox 1576 2311 1727 2414; x_wconf 76' lang='lat' dir='ltr'>ellectu,</span> <span class='ocrx_word' id='word_1_124' title='bbox 1760 2315 2042 2430; x_wconf 88' lang='lat' dir='ltr'>compellendos</span> 
     </span>
    </p>
   </div>
   <div class='ocr_carea' id='block_1_5' title="bbox 415 2423 2047 3102">
    <p class='ocr_par' dir='ltr' id='par_1_5' title="bbox 415 2423 2047 3102">
     <span class='ocr_line' id='line_1_15' title="bbox 415 2423 2042 2545; baseline 0.01 -38"><span class='ocrx_word' id='word_1_125' title='bbox 415 2423 496 2512; x_wconf 88' lang='lat' dir='ltr'>lore</span> <span class='ocrx_word' id='word_1_126' title='bbox 517 2437 554 2509; x_wconf 92' lang='lat' dir='ltr'>et</span> <span class='ocrx_word' id='word_1_127' title='bbox 575 2424 831 2540; x_wconf 86' lang='lat' dir='ltr'>compellimus</span> <span class='ocrx_word' id='word_1_128' title='bbox 852 2435 980 2542; x_wconf 78' lang='lat' dir='ltr'>vps&#39;et</span> <span class='ocrx_word' id='word_1_129' title='bbox 999 2423 1176 2540; x_wconf 87' lang='lat' dir='ltr'>remedijs</span> <span class='ocrx_word' id='word_1_130' title='bbox 1195 2424 1298 2510; x_wconf 79' lang='lat' dir='ltr'>luris</span> <span class='ocrx_word' id='word_1_131' title='bbox 1320 2427 1554 2540; x_wconf 73' lang='lat' dir='ltr'>opportunis,</span> <span class='ocrx_word' id='word_1_132' title='bbox 1577 2428 1758 2541; x_wconf 89' lang='lat' dir='ltr'>ipsosque</span> <span class='ocrx_word' id='word_1_133' title='bbox 1779 2435 2042 2545; x_wconf 90' lang='lat' dir='ltr'>proconsules,</span> 
     </span>
     <span class='ocr_line' id='line_1_16' title="bbox 417 2541 2045 2658; baseline 0.008 -32"><span class='ocrx_word' id='word_1_134' title='bbox 417 2541 610 2628; x_wconf 81' lang='lat' dir='ltr'>eonsules.</span> <span class='ocrx_word' id='word_1_135' title='bbox 632 2542 837 2658; x_wconf 84' lang='lat' dir='ltr'>opidanos,</span> <span class='ocrx_word' id='word_1_136' title='bbox 857 2573 906 2630; x_wconf 92' lang='lat' dir='ltr'>ac</span> <span class='ocrx_word' id='word_1_137' title='bbox 925 2545 1201 2632; x_wconf 87' lang='lat' dir='ltr'>universitatem</span> <span class='ocrx_word' id='word_1_138' title='bbox 1222 2541 1310 2628; x_wconf 89' lang='lat' dir='ltr'>dicti</span> <span class='ocrx_word' id='word_1_139' title='bbox 1332 2543 1433 2658; x_wconf 92' lang='lat' dir='ltr'>opidi</span> <span class='ocrx_word' id='word_1_140' title='bbox 1459 2548 1640 2630; x_wconf 77' lang='lat' dir='ltr'>Gdnnczlr</span> <span class='ocrx_word' id='word_1_141' title='bbox 1655 2545 1899 2636; x_wconf 84' lang='lat' dir='ltr'>adversarios</span> <span class='ocrx_word' id='word_1_142' title='bbox 1919 2554 1956 2637; x_wconf 91' lang='lat' dir='ltr'>in</span> <span class='ocrx_word' id='word_1_143' title='bbox 1979 2583 2045 2639; x_wconf 86' lang='lat' dir='ltr'>ex·</span> 
     </span>
     <span class='ocr_line' id='line_1_17' title="bbox 416 2659 2047 2781; baseline 0.01 -37"><span class='ocrx_word' id='word_1_144' title='bbox 416 2661 601 2776; x_wconf 88' lang='lat' dir='ltr'>pensis,in</span> <span class='ocrx_word' id='word_1_145' title='bbox 612 2660 822 2760; x_wconf 88' lang='lat' dir='ltr'>huiusmodi</span> <span class='ocrx_word' id='word_1_146' title='bbox 840 2691 957 2750; x_wconf 90' lang='lat' dir='ltr'>causa</span> <span class='ocrx_word' id='word_1_147' title='bbox 978 2691 1107 2750; x_wconf 89' lang='lat' dir='ltr'>eoram</span> <span class='ocrx_word' id='word_1_148' title='bbox 1122 2659 1230 2751; x_wconf 91' lang='lat' dir='ltr'>nobis</span> <span class='ocrx_word' id='word_1_149' title='bbox 1243 2660 1538 2778; x_wconf 82' lang='lat' dir='ltr'>legittimelactis</span> <span class='ocrx_word' id='word_1_150' title='bbox 1555 2662 1894 2781; x_wconf 89' lang='lat' dir='ltr'>condempnandos</span> <span class='ocrx_word' id='word_1_151' title='bbox 1910 2671 1992 2760; x_wconf 86' lang='lat' dir='ltr'>loro</span> <span class='ocrx_word' id='word_1_152' title='bbox 2007 2689 2047 2761; x_wconf 89' lang='lat' dir='ltr'>et</span> 
     </span>
     <span class='ocr_line' id='line_1_18' title="bbox 416 2777 2044 2899; baseline 0.009 -35"><span class='ocrx_word' id='word_1_153' title='bbox 416 2777 758 2895; x_wconf 88' lang='lat' dir='ltr'>condempnamus‚</span> <span class='ocrx_word' id='word_1_154' title='bbox 789 2811 945 2896; x_wconf 89' lang='lat' dir='ltr'>quarum</span> <span class='ocrx_word' id='word_1_155' title='bbox 979 2809 1228 2895; x_wconf 87' lang='lat' dir='ltr'>expensarum</span> <span class='ocrx_word' id='word_1_156' title='bbox 1259 2780 1497 2866; x_wconf 78' lang='lat' dir='ltr'>lavacionem</span> <span class='ocrx_word' id='word_1_157' title='bbox 1519 2780 1628 2867; x_wconf 90' lang='lat' dir='ltr'>nobis</span> <span class='ocrx_word' id='word_1_158' title='bbox 1648 2783 1684 2868; x_wconf 94' lang='lat' dir='ltr'>in</span> <span class='ocrx_word' id='word_1_159' title='bbox 1706 2799 1896 2899; x_wconf 90' lang='lat' dir='ltr'>posterum</span> <span class='ocrx_word' id='word_1_160' title='bbox 1917 2819 2044 2878; x_wconf 85' lang='lat' dir='ltr'>reser-</span> 
     </span>
     <span class='ocr_line' id='line_1_19' title="bbox 415 2897 2045 3102; baseline 0.008 -118"><span class='ocrx_word' id='word_1_161' title='bbox 415 2923 559 2984; x_wconf 88' lang='lat' dir='ltr'>vamus.</span> <span class='ocrx_word' id='word_1_162' title='bbox 601 2899 635 2984; x_wconf 79' lang='lat' dir='ltr'>A</span> <span class='ocrx_word' id='word_1_163' title='bbox 652 2929 730 3102; x_wconf 63' lang='lat' dir='ltr'>pua</span> <span class='ocrx_word' id='word_1_164' title='bbox 752 2900 901 3011; x_wconf 89' lang='lat' dir='ltr'>quidem</span> <span class='ocrx_word' id='word_1_165' title='bbox 923 2899 1118 2986; x_wconf 88' lang='lat' dir='ltr'>sentencia</span> <span class='ocrx_word' id='word_1_166' title='bbox 1139 2898 1203 2984; x_wconf 92' lang='lat' dir='ltr'>luit</span> <span class='ocrx_word' id='word_1_167' title='bbox 1222 2927 1293 3015; x_wconf 94' lang='lat' dir='ltr'>pro</span> <span class='ocrx_word' id='word_1_168' title='bbox 1314 2913 1421 3015; x_wconf 89' lang='lat' dir='ltr'>parte</span> <span class='ocrx_word' id='word_1_169' title='bbox 1443 2897 1623 2988; x_wconf 76' lang='lat' dir='ltr'>diciorum</span> <span class='ocrx_word' id='word_1_170' title='bbox 1645 2907 1932 3018; x_wconf 86' lang='lat' dir='ltr'>proconsulum,</span> <span class='ocrx_word' id='word_1_171' title='bbox 1955 2937 2045 2998; x_wconf 90' lang='lat' dir='ltr'>ocn-</span> 
     </span>
    </p>
   </div>
   <div class='ocr_carea' id='block_1_6' title="bbox 414 3013 2045 3849">
    <p class='ocr_par' dir='ltr' id='par_1_6' title="bbox 414 3013 2045 3849">
     <span class='ocr_line' id='line_1_20' title="bbox 415 3013 2044 3137; baseline 0.012 -41"><span class='ocrx_word' id='word_1_172' title='bbox 415 3013 555 3116; x_wconf 90' lang='lat' dir='ltr'>sulum,</span> <span class='ocrx_word' id='word_1_173' title='bbox 584 3017 649 3132; x_wconf 91' lang='lat' dir='ltr'>opi</span> <span class='ocrx_word' id='word_1_174' title='bbox 678 3046 835 3104; x_wconf 89' lang='lat' dir='ltr'>anorum</span> <span class='ocrx_word' id='word_1_175' title='bbox 866 3048 914 3104; x_wconf 88' lang='lat' dir='ltr'>ac</span> <span class='ocrx_word' id='word_1_176' title='bbox 943 3017 1214 3119; x_wconf 84' lang='lat' dir='ltr'>univcrsitatis,</span> <span class='ocrx_word' id='word_1_177' title='bbox 1244 3014 1447 3102; x_wconf 89' lang='lat' dir='ltr'>adsedem</span> <span class='ocrx_word' id='word_1_178' title='bbox 1478 3017 1705 3134; x_wconf 88' lang='lat' dir='ltr'>appellatum</span> <span class='ocrx_word' id='word_1_179' title='bbox 1727 3023 1921 3137; x_wconf 89' lang='lat' dir='ltr'>prelatam.</span> <span class='ocrx_word' id='word_1_180' title='bbox 1950 3017 2044 3130; x_wconf 78' lang='lat' dir='ltr'>Dic-</span> 
     </span>
     <span class='ocr_line' id='line_1_21' title="bbox 415 3132 2044 3264; baseline 0.01 -48"><span class='ocrx_word' id='word_1_181' title='bbox 415 3143 476 3218; x_wconf 90' lang='lat' dir='ltr'>tus</span> <span class='ocrx_word' id='word_1_182' title='bbox 511 3144 601 3220; x_wconf 92' lang='lat' dir='ltr'>tunc</span> <span class='ocrx_word' id='word_1_183' title='bbox 630 3132 804 3223; x_wconf 89' lang='lat' dir='ltr'>dominus</span> <span class='ocrx_word' id='word_1_184' title='bbox 840 3135 1025 3224; x_wconf 86' lang='lat' dir='ltr'>Martinus</span> <span class='ocrx_word' id='word_1_185' title='bbox 1060 3135 1171 3253; x_wconf 89' lang='lat' dir='ltr'>Papa</span> <span class='ocrx_word' id='word_1_186' title='bbox 1206 3135 1375 3252; x_wconf 87' lang='lat' dir='ltr'>quintus,</span> <span class='ocrx_word' id='word_1_187' title='bbox 1406 3132 1456 3220; x_wconf 94' lang='lat' dir='ltr'>ad</span> <span class='ocrx_word' id='word_1_188' title='bbox 1486 3136 1708 3224; x_wconf 77' lang='lat' dir='ltr'>instanciam</span> <span class='ocrx_word' id='word_1_189' title='bbox 1735 3139 1823 3226; x_wconf 91' lang='lat' dir='ltr'>dicti</span> <span class='ocrx_word' id='word_1_190' title='bbox 1862 3140 2044 3264; x_wconf 85' lang='lat' dir='ltr'>Episcopi</span> 
     </span>
     <span class='ocr_line' id='line_1_22' title="bbox 414 3253 2045 3372; baseline 0.009 -36"><span class='ocrx_word' id='word_1_191' title='bbox 414 3253 633 3356; x_wconf 83' lang='lat' dir='ltr'>asserentis,</span> <span class='ocrx_word' id='word_1_192' title='bbox 655 3253 953 3368; x_wconf 89' lang='lat' dir='ltr'>appellacionem</span> <span class='ocrx_word' id='word_1_193' title='bbox 977 3255 1113 3370; x_wconf 87' lang='lat' dir='ltr'>ipsam,</span> <span class='ocrx_word' id='word_1_194' title='bbox 1145 3281 1168 3338; x_wconf 91' lang='lat' dir='ltr'>a</span> <span class='ocrx_word' id='word_1_195' title='bbox 1195 3253 1388 3340; x_wconf 88' lang='lat' dir='ltr'>sentencia</span> <span class='ocrx_word' id='word_1_196' title='bbox 1419 3253 1588 3369; x_wconf 87' lang='lat' dir='ltr'>predicta</span> <span class='ocrx_word' id='word_1_197' title='bbox 1619 3255 1896 3372; x_wconf 87' lang='lat' dir='ltr'>interpositam,</span> <span class='ocrx_word' id='word_1_198' title='bbox 1927 3263 2045 3351; x_wconf 89' lang='lat' dir='ltr'>luisse</span> 
     </span>
     <span class='ocr_line' id='line_1_23' title="bbox 416 3369 2045 3491; baseline 0.01 -39"><span class='ocrx_word' id='word_1_199' title='bbox 416 3381 453 3454; x_wconf 89' lang='lat' dir='ltr'>et</span> <span class='ocrx_word' id='word_1_200' title='bbox 482 3397 571 3458; x_wconf 88' lang='lat' dir='ltr'>esse</span> <span class='ocrx_word' id='word_1_201' title='bbox 599 3369 806 3472; x_wconf 89' lang='lat' dir='ltr'>desertam,</span> <span class='ocrx_word' id='word_1_202' title='bbox 845 3401 1001 3458; x_wconf 91' lang='lat' dir='ltr'>causam</span> <span class='ocrx_word' id='word_1_203' title='bbox 1029 3371 1261 3460; x_wconf 88' lang='lat' dir='ltr'>deseroionis</span> <span class='ocrx_word' id='word_1_204' title='bbox 1297 3369 1465 3458; x_wconf 90' lang='lat' dir='ltr'>eiusdem</span> <span class='ocrx_word' id='word_1_205' title='bbox 1501 3369 1731 3460; x_wconf 88' lang='lat' dir='ltr'>Reverendo</span> <span class='ocrx_word' id='word_1_206' title='bbox 1761 3378 1857 3491; x_wconf 92' lang='lat' dir='ltr'>patri</span> <span class='ocrx_word' id='word_1_207' title='bbox 1890 3379 2045 3470; x_wconf 90' lang='lat' dir='ltr'>domino</span> 
     </span>
     <span class='ocr_line' id='line_1_24' title="bbox 415 3481 2045 3616; baseline 0.01 -46"><span class='ocrx_word' id='word_1_208' title='bbox 415 3481 597 3594; x_wconf 88' lang='lat' dir='ltr'>Marciali,</span> <span class='ocrx_word' id='word_1_209' title='bbox 616 3488 815 3608; x_wconf 91' lang='lat' dir='ltr'>Episcopo</span> <span class='ocrx_word' id='word_1_210' title='bbox 835 3490 1071 3597; x_wconf 92' lang='lat' dir='ltr'>Ebroicensi,</span> <span class='ocrx_word' id='word_1_211' title='bbox 1093 3505 1181 3577; x_wconf 90' lang='lat' dir='ltr'>tuno</span> <span class='ocrx_word' id='word_1_212' title='bbox 1202 3488 1288 3576; x_wconf 93' lang='lat' dir='ltr'>dicti</span> <span class='ocrx_word' id='word_1_213' title='bbox 1309 3489 1456 3606; x_wconf 89' lang='lat' dir='ltr'>pallacij</span> <span class='ocrx_word' id='word_1_214' title='bbox 1469 3509 1679 3578; x_wconf 86' lang='lat' dir='ltr'>¹causarum</span> <span class='ocrx_word' id='word_1_215' title='bbox 1694 3496 1892 3610; x_wconf 89' lang='lat' dir='ltr'>apostolici</span> <span class='ocrx_word' id='word_1_216' title='bbox 1913 3499 2045 3616; x_wconf 91' lang='lat' dir='ltr'>primo,</span> 
     </span>
     <span class='ocr_line' id='line_1_25' title="bbox 415 3603 2044 3725; baseline 0.01 -37"><span class='ocrx_word' id='word_1_217' title='bbox 415 3614 454 3688; x_wconf 93' lang='lat' dir='ltr'>et</span> <span class='ocrx_word' id='word_1_218' title='bbox 473 3603 611 3694; x_wconf 88' lang='lat' dir='ltr'>deinde</span> <span class='ocrx_word' id='word_1_219' title='bbox 631 3640 679 3696; x_wconf 86' lang='lat' dir='ltr'>ex</span> <span class='ocrx_word' id='word_1_220' title='bbox 700 3610 814 3698; x_wconf 88' lang='lat' dir='ltr'>certis</span> <span class='ocrx_word' id='word_1_221' title='bbox 836 3610 964 3698; x_wconf 90' lang='lat' dir='ltr'>causis</span> <span class='ocrx_word' id='word_1_222' title='bbox 984 3607 1187 3700; x_wconf 89' lang='lat' dir='ltr'>venerabili</span> <span class='ocrx_word' id='word_1_223' title='bbox 1210 3623 1246 3694; x_wconf 91' lang='lat' dir='ltr'>et</span> <span class='ocrx_word' id='word_1_224' title='bbox 1267 3607 1542 3725; x_wconf 88' lang='lat' dir='ltr'>circumspecto</span> <span class='ocrx_word' id='word_1_225' title='bbox 1574 3610 1656 3697; x_wconf 93' lang='lat' dir='ltr'>viro</span> <span class='ocrx_word' id='word_1_226' title='bbox 1683 3609 1836 3699; x_wconf 91' lang='lat' dir='ltr'>domino</span> <span class='ocrx_word' id='word_1_227' title='bbox 1871 3611 2044 3704; x_wconf 89' lang='lat' dir='ltr'>Lauren-</span> 
     </span>
     <span class='ocr_line' id='line_1_26' title="bbox 416 3719 2045 3849; baseline 0.011 -43"><span class='ocrx_word' id='word_1_228' title='bbox 416 3719 476 3809; x_wconf 93' lang='lat' dir='ltr'>cio</span> <span class='ocrx_word' id='word_1_229' title='bbox 497 3721 546 3810; x_wconf 90' lang='lat' dir='ltr'>dc</span> <span class='ocrx_word' id='word_1_230' title='bbox 565 3729 700 3816; x_wconf 71' lang='grc' dir='ltr'><em>Ανεσίο</em></span> <span class='ocrx_word' id='word_1_231' title='bbox 731 3725 970 3816; x_wconf 88' lang='lat' dir='ltr'>decretorum</span> <span class='ocrx_word' id='word_1_232' title='bbox 999 3725 1167 3844; x_wconf 90' lang='lat' dir='ltr'>doctcrj,</span> <span class='ocrx_word' id='word_1_233' title='bbox 1197 3741 1235 3814; x_wconf 89' lang='lat' dir='ltr'>et</span> <span class='ocrx_word' id='word_1_234' title='bbox 1264 3725 1430 3813; x_wconf 87' lang='lat' dir='ltr'>eiusdem</span> <span class='ocrx_word' id='word_1_235' title='bbox 1452 3727 1600 3846; x_wconf 88' lang='lat' dir='ltr'>pallacij</span> <span class='ocrx_word' id='word_1_236' title='bbox 1626 3757 1826 3834; x_wconf 85' lang='lat' dir='ltr'>causarum</span> <span class='ocrx_word' id='word_1_237' title='bbox 1847 3735 2045 3849; x_wconf 87' lang='lat' dir='ltr'>apostolici</span> 
     </span>
    </p>
   </div>
   <div class='ocr_carea' id='block_1_7' title="bbox 415 3837 2235 3966">
    <p class='ocr_par' dir='ltr' id='par_1_7' title="bbox 415 3837 2235 3966">
     <span class='ocr_line' id='line_1_27' title="bbox 415 3837 2235 3966; baseline 0.009 -43"><span class='ocrx_word' id='word_1_238' title='bbox 415 3837 668 3952; x_wconf 85' lang='lat' dir='ltr'>auditoribus,</span> <span class='ocrx_word' id='word_1_239' title='bbox 689 3843 915 3934; x_wconf 88' lang='lat' dir='ltr'>audiendam</span> <span class='ocrx_word' id='word_1_240' title='bbox 937 3847 1139 3952; x_wconf 90' lang='lat' dir='ltr'>commisit,</span> <span class='ocrx_word' id='word_1_241' title='bbox 1171 3844 1502 3966; x_wconf 76' lang='lat' dir='ltr'>cognoscendam,</span> <span class='ocrx_word' id='word_1_242' title='bbox 1532 3845 1779 3936; x_wconf 87' lang='lat' dir='ltr'>decidendam</span> <span class='ocrx_word' id='word_1_243' title='bbox 1811 3865 1848 3936; x_wconf 91' lang='lat' dir='ltr'>et</span> <span class='ocrx_word' id='word_1_244' title='bbox 1873 3853 1948 3938; x_wconf 89' lang='lat' dir='ltr'>line</span> <span class='ocrx_word' id='word_1_245' title='bbox 1977 3852 2045 3941; x_wconf 92' lang='lat' dir='ltr'>de·</span> <span class='ocrx_word' id='word_1_246' title='bbox 2167 3865 2171 3870; x_wconf 84' lang='lat'>&#39;</span> <span class='ocrx_word' id='word_1_247' title='bbox 2231 3897 2235 3904; x_wconf 69' lang='lat'><em>=</em></span> 
     </span>
    </p>
   </div>
   <div class='ocr_carea' id='block_1_8' title="bbox 303 3955 2105 4908">
    <p class='ocr_par' dir='ltr' id='par_1_8' title="bbox 303 3955 2105 4908">
     <span class='ocr_line' id='line_1_28' title="bbox 303 3955 2044 4084; baseline 0.012 -45"><span class='ocrx_word' id='word_1_248' title='bbox 303 4013 310 4028; x_wconf 83' lang='lat'>-</span> <span class='ocrx_word' id='word_1_249' title='bbox 415 3955 493 4044; x_wconf 90' lang='lat' dir='ltr'>bito</span> <span class='ocrx_word' id='word_1_250' title='bbox 514 3964 785 4052; x_wconf 86' lang='lat' dir='ltr'>terminandam</span> <span class='ocrx_word' id='word_1_251' title='bbox 806 3996 892 4054; x_wconf 91' lang='lat' dir='ltr'>cum</span> <span class='ocrx_word' id='word_1_252' title='bbox 914 3963 1088 4056; x_wconf 89' lang='lat' dir='ltr'>omnibus</span> <span class='ocrx_word' id='word_1_253' title='bbox 1108 3981 1145 4052; x_wconf 90' lang='lat' dir='ltr'>et</span> <span class='ocrx_word' id='word_1_254' title='bbox 1165 3964 1323 4081; x_wconf 79' lang='lat' dir='ltr'>singulis</span> <span class='ocrx_word' id='word_1_255' title='bbox 1343 3965 1422 4049; x_wconf 91' lang='lat' dir='ltr'>suis</span> <span class='ocrx_word' id='word_1_256' title='bbox 1444 3966 1703 4081; x_wconf 82' lang='lat' dir='ltr'>emergencijs,</span> <span class='ocrx_word' id='word_1_257' title='bbox 1724 3964 1958 4084; x_wconf 86' lang='lat' dir='ltr'>incidenoijs,</span> <span class='ocrx_word' id='word_1_258' title='bbox 1980 3969 2044 4060; x_wconf 90' lang='lat' dir='ltr'>de·</span> 
     </span>
     <span class='ocr_line' id='line_1_29' title="bbox 415 4074 2044 4202; baseline 0.009 -40"><span class='ocrx_word' id='word_1_259' title='bbox 415 4074 635 4191; x_wconf 85' lang='lat' dir='ltr'>pendeucijs</span> <span class='ocrx_word' id='word_1_260' title='bbox 664 4095 704 4166; x_wconf 88' lang='lat' dir='ltr'>et</span> <span class='ocrx_word' id='word_1_261' title='bbox 729 4085 923 4170; x_wconf 87' lang='lat' dir='ltr'>connexis.</span> <span class='ocrx_word' id='word_1_262' title='bbox 982 4081 1147 4198; x_wconf 90' lang='lat' dir='ltr'>Ipseque</span> <span class='ocrx_word' id='word_1_263' title='bbox 1177 4082 1350 4167; x_wconf 90' lang='lat' dir='ltr'>dominus</span> <span class='ocrx_word' id='word_1_264' title='bbox 1379 4077 1619 4170; x_wconf 90' lang='lat' dir='ltr'>Laurencius</span> <span class='ocrx_word' id='word_1_265' title='bbox 1644 4082 1809 4188; x_wconf 89' lang='lat' dir='ltr'>auditor,</span> <span class='ocrx_word' id='word_1_266' title='bbox 1830 4103 2044 4202; x_wconf 88' lang='lat' dir='ltr'>postquam,</span> 
     </span>
     <span class='ocr_line' id='line_1_30' title="bbox 415 4189 2045 4322; baseline 0.009 -40"><span class='ocrx_word' id='word_1_267' title='bbox 415 4189 550 4282; x_wconf 87' lang='lat' dir='ltr'>codem</span> <span class='ocrx_word' id='word_1_268' title='bbox 570 4194 745 4284; x_wconf 70' lang='lat' dir='ltr'>tolenno</span> <span class='ocrx_word' id='word_1_269' title='bbox 755 4195 949 4315; x_wconf 91' lang='lat' dir='ltr'>Episcopo</span> <span class='ocrx_word' id='word_1_270' title='bbox 969 4201 1139 4315; x_wconf 80' lang='lat' dir='ltr'>prefecto</span> <span class='ocrx_word' id='word_1_271' title='bbox 1159 4197 1253 4310; x_wconf 85' lang='lat' dir='ltr'>(sic),</span> <span class='ocrx_word' id='word_1_272' title='bbox 1269 4198 1388 4286; x_wconf 92' lang='lat' dir='ltr'>eciam</span> <span class='ocrx_word' id='word_1_273' title='bbox 1409 4196 1459 4284; x_wconf 87' lang='lat' dir='ltr'>ab</span> <span class='ocrx_word' id='word_1_274' title='bbox 1478 4197 1552 4284; x_wconf 88' lang='lat' dir='ltr'>hac</span> <span class='ocrx_word' id='word_1_275' title='bbox 1572 4199 1657 4288; x_wconf 89' lang='lat' dir='ltr'>lucc</span> <span class='ocrx_word' id='word_1_276' title='bbox 1677 4199 1884 4309; x_wconf 90' lang='lat' dir='ltr'>subtracto,</span> <span class='ocrx_word' id='word_1_277' title='bbox 1899 4208 2045 4322; x_wconf 81' lang='lat' dir='ltr'>pretate</span> 
     </span>
     <span class='ocr_line' id='line_1_31' title="bbox 414 4311 2044 4433; baseline 0.01 -37"><span class='ocrx_word' id='word_1_278' title='bbox 414 4311 578 4400; x_wconf 90' lang='lat' dir='ltr'>ecclesie</span> <span class='ocrx_word' id='word_1_279' title='bbox 594 4311 902 4422; x_wconf 87' lang='lat' dir='ltr'>Wladislavicnsi</span> <span class='ocrx_word' id='word_1_280' title='bbox 917 4315 966 4402; x_wconf 91' lang='lat' dir='ltr'>de</span> <span class='ocrx_word' id='word_1_281' title='bbox 981 4345 1147 4432; x_wconf 91' lang='lat' dir='ltr'>persona</span> <span class='ocrx_word' id='word_1_282' title='bbox 1161 4314 1379 4404; x_wconf 89' lang='lat' dir='ltr'>Reverendi</span> <span class='ocrx_word' id='word_1_283' title='bbox 1395 4319 1513 4433; x_wconf 85' lang='lat' dir='ltr'>patris</span> <span class='ocrx_word' id='word_1_284' title='bbox 1529 4315 1667 4406; x_wconf 91' lang='lat' dir='ltr'>domiui</span> <span class='ocrx_word' id='word_1_285' title='bbox 1682 4317 1879 4428; x_wconf 78' lang='lat' dir='ltr'>iohannis,</span> <span class='ocrx_word' id='word_1_286' title='bbox 1893 4324 2044 4413; x_wconf 91' lang='lat' dir='ltr'>moder·</span> 
     </span>
     <span class='ocr_line' id='line_1_32' title="bbox 416 4427 2043 4563; baseline 0.01 -49"><span class='ocrx_word' id='word_1_287' title='bbox 416 4432 454 4518; x_wconf 90' lang='lat' dir='ltr'>ni</span> <span class='ocrx_word' id='word_1_288' title='bbox 466 4427 650 4550; x_wconf 82' lang='lat' dir='ltr'>Episcopi</span> <span class='ocrx_word' id='word_1_289' title='bbox 667 4431 1008 4540; x_wconf 88' lang='lat' dir='ltr'>Wladislaviensis,</span> <span class='ocrx_word' id='word_1_290' title='bbox 1029 4432 1162 4522; x_wconf 87' lang='lat' dir='ltr'>eadem</span> <span class='ocrx_word' id='word_1_291' title='bbox 1185 4432 1405 4524; x_wconf 88' lang='lat' dir='ltr'>auctoritate</span> <span class='ocrx_word' id='word_1_292' title='bbox 1426 4435 1634 4554; x_wconf 89' lang='lat' dir='ltr'>provisum,</span> <span class='ocrx_word' id='word_1_293' title='bbox 1655 4437 1812 4558; x_wconf 86' lang='lat' dir='ltr'>ipseque</span> <span class='ocrx_word' id='word_1_294' title='bbox 1831 4439 1880 4528; x_wconf 86' lang='lat' dir='ltr'>illi</span> <span class='ocrx_word' id='word_1_295' title='bbox 1900 4441 2043 4563; x_wconf 76' lang='lat' dir='ltr'>injEpi·</span> 
     </span>
     <span class='ocr_line' id='line_1_33' title="bbox 416 4543 2045 4671; baseline 0.01 -37"><span class='ocrx_word' id='word_1_296' title='bbox 416 4577 576 4667; x_wconf 91' lang='lat' dir='ltr'>scupum</span> <span class='ocrx_word' id='word_1_297' title='bbox 597 4563 635 4637; x_wconf 91' lang='lat' dir='ltr'>et</span> <span class='ocrx_word' id='word_1_298' title='bbox 654 4564 846 4667; x_wconf 88' lang='lat' dir='ltr'>pastorem</span> <span class='ocrx_word' id='word_1_299' title='bbox 868 4554 1058 4670; x_wconf 83' lang='lat' dir='ltr'>prefectus</span> <span class='ocrx_word' id='word_1_300' title='bbox 1077 4553 1217 4659; x_wconf 89' lang='lat' dir='ltr'>luerat,</span> <span class='ocrx_word' id='word_1_301' title='bbox 1238 4551 1402 4671; x_wconf 81' lang='lat' dir='ltr'>cognitis</span> <span class='ocrx_word' id='word_1_302' title='bbox 1422 4554 1636 4644; x_wconf 90' lang='lat' dir='ltr'>huiusmodi</span> <span class='ocrx_word' id='word_1_303' title='bbox 1655 4585 1774 4646; x_wconf 90' lang='lat' dir='ltr'>cause</span> <span class='ocrx_word' id='word_1_304' title='bbox 1793 4543 1949 4664; x_wconf 69' lang='lat' dir='ltr'>meritis,</span> <span class='ocrx_word' id='word_1_305' title='bbox 1966 4574 2045 4651; x_wconf 79' lang='lat' dir='ltr'>ser-</span> 
     </span>
     <span class='ocr_line' id='line_1_34' title="bbox 416 4666 2105 4798; baseline 0.011 -45"><span class='ocrx_word' id='word_1_306' title='bbox 416 4666 513 4754; x_wconf 91' lang='lat' dir='ltr'>vatis</span> <span class='ocrx_word' id='word_1_307' title='bbox 533 4668 750 4760; x_wconf 68' lang='lat' dir='ltr'>servandis,</span> <span class='ocrx_word' id='word_1_308' title='bbox 769 4699 818 4759; x_wconf 89' lang='lat' dir='ltr'>ac</span> <span class='ocrx_word' id='word_1_309' title='bbox 836 4671 905 4760; x_wconf 88' lang='lat' dir='ltr'>rite</span> <span class='ocrx_word' id='word_1_310' title='bbox 925 4669 1140 4791; x_wconf 86' lang='lat' dir='ltr'>procedens</span> <span class='ocrx_word' id='word_1_311' title='bbox 1160 4685 1198 4760; x_wconf 87' lang='lat' dir='ltr'>et</span> <span class='ocrx_word' id='word_1_312' title='bbox 1212 4672 1411 4794; x_wconf 79' lang='lat' dir='ltr'>legittime,</span> <span class='ocrx_word' id='word_1_313' title='bbox 1432 4675 1662 4766; x_wconf 87' lang='lat' dir='ltr'>sentenciam</span> <span class='ocrx_word' id='word_1_314' title='bbox 1682 4677 1720 4766; x_wconf 93' lang='lat' dir='ltr'>in</span> <span class='ocrx_word' id='word_1_315' title='bbox 1741 4677 1890 4798; x_wconf 89' lang='lat' dir='ltr'>scriptis</span> <span class='ocrx_word' id='word_1_316' title='bbox 1910 4679 1988 4770; x_wconf 92' lang='lat' dir='ltr'>tulit</span> <span class='ocrx_word' id='word_1_317' title='bbox 2008 4697 2046 4770; x_wconf 88' lang='lat' dir='ltr'>et</span> <span class='ocrx_word' id='word_1_318' title='bbox 2098 4689 2105 4698; x_wconf 88' lang='lat'>&#39;</span> 
     </span>
     <span class='ocr_line' id='line_1_35' title="bbox 417 4783 1855 4908; baseline 0.008 -34"><span class='ocrx_word' id='word_1_319' title='bbox 417 4785 670 4908; x_wconf 77' lang='lat' dir='ltr'>promulgavit</span> <span class='ocrx_word' id='word_1_320' title='bbox 692 4787 818 4879; x_wconf 90' lang='lat' dir='ltr'>inhec</span> <span class='ocrx_word' id='word_1_321' title='bbox 838 4789 975 4880; x_wconf 73' lang='lat' dir='ltr'>verbm</span> <span class='ocrx_word' id='word_1_322' title='bbox 1852 4783 1855 4792; x_wconf 14' lang='grc' dir='ltr'><strong>Χ</strong></span> 
     </span>
    </p>
   </div>
   <div class='ocr_carea' id='block_1_9' title="bbox 0 0 2471 5940">
    <p class='ocr_par' dir='ltr' id='par_1_9' title="bbox 0 0 2471 5940">
     <span class='ocr_line' id='line_1_36' title="bbox 0 0 2471 5940; baseline 0 0"><span class='ocrx_word' id='word_1_323' title='bbox 0 0 2471 5940; x_wconf 95' lang='lat' dir='ltr'> </span> 
     </span>
    </p>
   </div>
  </div>
 </body>
</html>
