4876 5940
995 729 1270 802 -at't-

315 927 558 1049 inspecturis:
590 929 693 1050 quod
731 931 938 1020 constitutis
966 931 1004 1019 in
1032 945 1165 1022 nostra
1190 923 1389 1050 presencia
1437 931 1638 1020 venerabili
1668 935 1783 1022 lratre
1811 951 1944 1028 nostro

172 1129 173 1132 ,
316 1047 471 1139 domino
494 1047 706 1156 (leutardo,
727 1047 891 1138 ecclesie
906 1047 1223 1138 wladislauiensis
1243 1049 1445 1167 episcopo,
1466 1065 1503 1140 et
1522 1051 1637 1140 lratrc
1658 1048 1830 1158 Nicolao,
1883 1086 1943 1144 re-

315 1167 441 1288 posito
462 1165 683 1284 Mouasterij
699 1171 933 1265 &relucens
954 1167 1310 1286 premonstratensis
1331 1165 1493 1274 ordinis,
1513 1167 1828 1260 wladislauieosis
1849 1085 1943 1290 dyo-

315 1284 436 1392 cesis,
466 1287 548 1403 ipse
577 1287 792 1404 prepositus
821 1315 910 1392 suo,
938 1313 989 1372 ec
1023 1302 1233 1374 conuentus
1262 1285 1596 1374 sanctimonialium
1627 1285 1793 1375 eiusdem
1815 1319 1944 1378 mona·
1977 1351 1982 1358 ι

315 1403 418 1494 steri
448 1403 598 1494 nomine
628 1404 739 1492 nobis
769 1402 955 1492 humiliter
974 1403 1218 1522 supplicauit:
1249 1401 1352 1522 quod
1372 1433 1458 1492 cum
1478 1399 1753 1494 lllonasterium
1776 1407 1945 1524 ipsorum

314 1555 361 1644 pr
413 1523 523 1610 iolum
549 1535 624 1610 tum
642 1551 714 1639 per
733 1551 898 1642 guerras
925 1523 1240 1625 condonassent
1260 1551 1329 1640 per
1348 1521 1521 1611 incursus
1541 1523 1721 1640 malorum
1742 1523 1944 1632 hominum,

315 1641 366 1730 ad
394 1655 533 1729 tantam
560 1640 842 1750 desolacionem
873 1639 1084 1746 deuenerit,
1124 1654 1162 1727 et
1190 1639 1237 1728 sit
1263 1653 1449 1727 tantorum
1479 1638 1690 1730 debitorum
1715 1641 1944 1732 multitudine

315 1774 530 1863 oneratum,
561 1756 664 1877 quod
692 1787 770 1846 non
790 1758 922 1876 possit,
952 1757 1100 1876 absque
1126 1757 1358 1844 alienacione
1377 1758 1587 1876 aliquorum
1607 1758 1791 1846 bonorum
1812 1761 1943 1848 immo-

313 1877 439 1966 bilium
460 1874 627 1963 eiusdem
648 1877 876 1993 monasterlj,
897 1878 934 1962 in
955 1889 1093 1964 statum
1114 1873 1277 1962 debitum
1299 1874 1507 1993 aliqualiter
1526 1875 1741 1983 relormeri3
1758 1889 1943 1996 quatenus
2009 1925 2012 1933 ·
2071 1961 2072 1964 ,

314 1995 386 2088 sibi
405 2007 444 2082 et
462 1995 663 2096 conuentui
682 1992 864 2112 predicto,
885 2000 1001 2112 super
1015 1993 1090 2084 hoc
1104 1989 1260 2110 paterna
1277 1991 1525 2081 sollicitudine
1540 1993 1741 2110 prouidere
1756 2009 1944 2103 curantes,

312 2140 511 2206 assensum
532 2125 703 2200 nostrum
722 2113 778 2200 eis
798 2111 848 2200 ud
868 2110 944 2201 hoc
963 2111 1125 2230 prebere
1145 2109 1388 2218 deberemus,
1412 2110 1514 2232 quod
1536 2111 1763 2202 hereditates
1784 2141 1853 2220 seu
1873 2113 1943 2206 vtt-

314 2233 372 2323 las
392 2231 608 2350 monasterij
629 2261 781 2334 eorum,
812 2261 887 2350 que
906 2236 1086 2345 Bythome
1106 2243 1143 2319 et
1163 2233 1332 2318 Strosow
1353 2231 1551 2366 wlgariter
1578 2243 1858 2350 nuncupantur,
1888 2233 1943 2322 ia·

314 2363 445 2441 centes
464 2349 500 2436 iu
520 2351 706 2437 territorio
719 2348 1028 2466 Radzeyouieusl
1044 2345 1114 2460 (²),
1134 2345 1306 2465 predicto
1322 2349 1424 2435 hatrr
1441 2361 1574 2438 nostro
1589 2347 1757 2440 vendere
1800 2364 1942 2460 essent,

314 2485 351 2560 et
379 2468 417 2556 in
443 2466 570 2582 aliquo
598 2468 719 2583 ipsum
748 2467 1014 2555 monasterium
1035 2466 1258 2572 reformare,
1291 2495 1340 2552 ao
1369 2493 1460 2554 suas
1490 2463 1727 2584 indigenoias
1752 2379 1942 2584 piurimas,
2081 2493 2086 2501 ’

314 2618 362 2676 ac
389 2585 538 2674 nimiam
556 2585 729 2700 ¹inopiam
758 2581 940 2672 releuare.
1004 2579 1085 2670 Nos
1113 2583 1236 2702 igitur:
1268 2611 1400 2670 eorum
1420 2583 1636 2670 necessitati
1656 2611 1704 2670 ac
1724 2585 1850 2702 inopie
1870 2615 1939 2704 pe·

314 2723 422 2794 terno
443 2703 725 2821 compacientes
751 2700 909 2804 allecto,
940 2715 977 2788 et
1006 2725 1136 2788 eornm
1162 2699 1258 2788 iuste
1278 2699 1453 2818 peticioni
1472 2713 1698 2788 annuentes:
1730 2701 1833 2818 quod
1855 2731 1942 2820 pre-

314 2823 435 2913 dictas
461 2819 690 2909 hereditates
719 2847 787 2910 seu
814 2817 920 2907 villas
941 2831 1150 2906 memorato
1171 2817 1275 2905 lratri
1295 2829 1428 2906 nostro
1448 2814 1633 2920 vendent,
1665 2831 1777 2936 prout
1797 2833 1855 2908 est
1876 2847 1941 2906 su·

313 2971 385 3149 pra
413 2937 573 3044 dictum,
605 2953 795 3060 tamquam
810 2936 1048 3054 Capitoneus
1069 2935 1252 3023 dictarum
1275 2951 1458 3024 terrarum
1478 2934 1655 3024 beniuole
1674 2939 1941 3026 consentimus.
2007 2936 2037 3052 s'

332 3059 493 3148 nonius
533 3059 588 3146 rei
608 3057 868 3162 testimonium,
909 3068 1108 3172 presentes
1146 3053 1288 3144 litteras
1317 3053 1399 3142 lieri
1436 3053 1612 3158 lecimus,
1654 3063 1692 3142 et
1721 3055 1942 3176 sigillorum,
2098 3138 2103 3162 ,

313 3177 432 3268 nostri
461 3189 498 3264 et
518 3176 699 3294 prepositi
730 3204 777 3262 ae
806 3187 1017 3263 conuentus
1036 3169 1310 3345 predictorum,
1345 3173 1579 3289 appensione
1599 3173 1743 3260 muniri.
1805 3173 1942 3262 Aetuln

312 3311 352 3384 et
376 3294 504 3384 datum
524 3295 562 3382 in
586 3301 737 3409 Upymo,
759 3291 846 3396 villa
865 3289 1032 3402 nostra(
1062 3291 1087 3403 ),
1118 3305 1254 3426 quarto
1274 3319 1395 3378 nonas
1410 3289 1562 3409 Aprilis,
1583 3317 1685 3378 anno
1706 3289 1845 3379 domiui
1865 3291 1943 3379 mil·

167 3507 175 3526 ,
312 3414 445 3502 lesimo
464 3414 726 3500 trecentesimo
747 3411 940 3499 vicesimo.
965 3409 1212 3498 Presentrbns
1230 3408 1407 3497 fratribus
1428 3411 1579 3498 nostris:
1599 3408 1762 3499 Nicolao
1779 3410 1942 3517 deoauo,¹

312 3529 486 3651 Philippo
503 3529 733 3618 'cancellario
754 3527 883 3649 Regni
904 3527 1073 3635 Polonie,
1094 3527 1292 3628 canonico
1309 3526 1471 3616 ecclesie
1486 3527 1762 3646 gnezdnensis,
1798 3525 1942 3618 Mathia

311 3647 472 3754 decano,
531 3647 690 3740 Alberto
710 3648 927 3751 scolastico,
946 3643 1332 3754 wladislaniensibus;
1351 3643 1572 3738 Thomislao
1592 3657 1632 3735 et
1650 3643 1858 3738 Vincencio
1875 3675 1940 3736 ca·

312 3767 458 3871 nomicis
477 3765 647 3886 predicte
666 3765 831 3856 ecclesie
852 3775 983 3857 nostre
1006 3756 1274 3886 gnezdneusis.
1402 3805 1404 3812 ·

312 4252 319 4266 ι
360 4253 367 4268 ⁸
411 4083 455 4270 iii
481 4083 1552 4264 grhdddlduyliidriiliffllljmthwlnidididigniiddilBthhsriiondiiGuinriensis,
1576 4163 1710 4248 regionis
1725 4182 1795 4251 uero
1810 4161 1938 4256 hadria
2011 4231 2015 4238 Α

307 4270 459 4338 Jononsts
781 4279 783 4286 ·
1765 4269 1794 4307 '·
