4926 5940
1122 701 1299 818 -mo
1354 783 1399 797 -

444 952 550 1040 lectis
571 947 643 1062 (⁴).
704 947 842 1039 Datum
864 973 1087 1067 permeans
1107 944 1374 1034 venerabilium
1400 941 1586 1032 lobannis
1605 941 1754 1050 decani,
1775 942 2010 1066 cancellarii,
2038 963 2076 1034 et
2110 1027 2116 1034 .

444 1068 620 1158 Stanislai
649 1065 792 1155 Czolek
828 1065 995 1154 cantoris
1021 1065 1298 1160 emoniensis,
1335 1061 1505 1152 custodis
1535 1063 1777 1182 gneznensis,
1812 1063 2077 1172 ecclesiarum,

291 1205 301 1220 '
444 1183 748 1303 vicecancellarij·
763 1183 892 1304 Regni
911 1183 1092 1272 Polonie,
1123 1183 1272 1270 sincere
1292 1181 1403 1272 nobis
1424 1179 1655 1270 dilectorum.

545 1371 608 1460 Ad
629 1369 856 1459 relacionem
876 1357 1047 1462 'eiusdem
1067 1363 1291 1456 venerabilis
1313 1365 1491 1456 Stanislai
1513 1366 1656 1456 Czolek
1684 1363 1855 1456 custodis
1880 1396 2076 1486 gneznen·

445 1493 517 1594 sis,
538 1491 666 1611 Regni
687 1487 847 1578 Polnnie
867 1485 1175 1604 vicecancellarij.

548 1707 590 1792 (⁴)
623 1703 751 1794 Cbaetey
779 1671 925 1792 oppidum
938 1703 1082 1771 territorii
1107 1711 1138 1770 et
1151 1703 1281 1802 regionis
1307 1701 1493 1778 Kialcensis;
1519 1699 1644 1789 Capanea
1659 1701 1726 1768 villa
1742 1701 1882 1769 territorii
1897 1709 1928 1769 et
1940 1691 2074 1788 regionis

447 1791 716 1866 Sandomiriensis;
737 1787 918 1858 Brouiezdw
942 1797 990 1856 est
1003 1789 1033 1864 in
1047 1787 1261 1856 Miccbomensi
1276 1795 1308 1855 et
1321 1787 1352 1854 in
1374 1787 1589 1855 Petricorionsi
1608 1787 1775 1863 territorio:
1796 1787 1956 1875 Kotytep
1969 1787 2074 1875 pluras

447 1886 519 1962 sunt
531 1877 619 1944 villae
634 1875 699 1963 ejus
708 1875 845 1942 nominis
860 1876 890 1942 in
905 1873 994 1941 variis
1009 1873 1183 1960 regionibus
1198 1874 1282 1940 sitae.

1116 2155 1409 2276 ttonxxn.

431 2401 525 2510 xre
543 2395 757 2499 emeno
777 2347 1046 2503 cupane,
1073 2411 1231 2480 anno
1247 2391 1399 2480 raes
1422 2391 1516 2478 are
1532 2391 1600 2479 rs
1616 2391 1815 2479 mense
1833 2389 2078 2499 aemam

413 2613 416 2618 ’
453 2596 730 2673 §miuus
754 2599 889 2672 remor
910 2549 1121 2672 meldensis
1142 2595 1266 2672 ratden
1290 2595 1440 2670 dtanaatt
1464 2594 1505 2668 ds
1529 2596 1709 2664 Damae
1730 2531 1983 2670 atracittula
2004 2594 2082 2670 stlta

563 2699 670 2770 Mete·
682 2696 807 2778 sentit,
828 2714 921 2791 quon
935 2697 1147 2772 venditionem
1161 2695 1354 2773 mansum
1369 2696 1598 2772 bastetaniae
1611 2701 1714 2772 ratam
1729 2695 1967 2792 inermos).

553 2889 596 2974 ln
617 2888 765 2975 nomine
785 2885 943 2991 domini,
974 2918 1094 2975 amen.
1156 2885 1219 2975 Ad
1239 2889 1398 2976 loturam
1416 2889 1471 2974 rei
1491 2889 1720 2976 memoriam.
1782 2883 1842 2974 Ne
1862 2915 1969 2975 error
1989 2884 2079 2972 obli·

453 3007 573 3094 uionis
600 3007 721 3126 gestis
751 3006 822 3093 snb
852 3021 1021 3122 {empore
1051 3007 1288 3093 uersantibus
1333 3005 1561 3123 inposterum
1591 3007 1713 3124 pariat
1738 3003 1977 3108 detrimenta,
2007 3003 2082 3090 alla

452 3123 605 3245 Regum
628 3139 665 3210 et
686 3123 900 3239 Principum
922 3123 1079 3244 consilia
1100 3122 1349 3211 decreuerunt
1385 3153 1431 3210 ea
1460 3123 1650 3212 literarum
1672 3123 1841 3238 apicibus
1872 3137 1910 3212 et
1934 3123 2081 3211 testium

453 3243 704 3332 annotatione
724 3241 965 3360 perhennem,
988 3272 1035 3326 ne
1056 3241 1165 3358 lapsu
1186 3244 1366 3359 temporis
1387 3255 1629 3330 euanescanl.
1675 3241 1844 3330 Proinde
1866 3239 1952 3331 Nos
1966 3237 2084 3342 ¹Wla·

382 3383 384 3390 ’
452 3360 609 3456 diolcos,
631 3359 692 3446 dei
711 3359 843 3479 gracia
864 3359 951 3448 Rex
971 3359 1151 3466 Polonio,
1182 3390 1353 3448 necnon
1383 3375 1564 3447 terrarum
1598 3359 1806 3464 Graeceio,
1838 3358 2085 3462 Sandomirie,

453 3473 619 3584 Siradim
652 3477 846 3580 Lancicie,
882 3479 1058 3594 Cujauie,
1088 3475 1374 3592 Lithwanieque
1400 3481 1578 3596 princeps
1607 3507 1826 3594 supremus,
1858 3477 2085 3566 Pomeranie

452 3597 669 3708 Rassieque
691 3596 864 3684 dominns
885 3613 922 3684 et
941 3597 1072 3700 heres,
1123 3595 1382 3718 significamus
1403 3591 1532 3683 tenore
1552 3599 1790 3712 presencium
1811 3595 1947 3709 quibus
1968 3625 2083 3713 expe-

454 3712 508 3801 dit
529 3714 722 3798 uniuersis:
774 3713 981 3833 Quomodo
1010 3717 1044 3800 in
1075 3729 1205 3801 nostre
1239 3713 1449 3802 Maiestatis
1478 3715 1676 3834 presencia
1715 3714 1966 3832 personaliter
1992 3743 2083 3801 con·

453 3833 600 3920 stitutus
620 3828 741 3917 lidelis
763 3843 893 3916 noster
915 3829 1089 3918 Clemens
1107 3831 1155 3918 de
1174 3838 1370 3918 Dzz'rbr'eze
1390 3831 1580 3942 quandam
1601 3831 1741 3919 literam
1763 3861 1829 3919 seu
1851 3831 2083 3948 priuilegium

454 3947 644 4054 Stanislai‚
666 3947 856 4064 generalis
876 3951 1066 4036 venatoris
1083 3947 1320 4035 lanciciensis
1337 3947 1498 4036 condam
1519 3949 1568 4036 de
1584 3955 1784 4054 Pelcziska,
1800 3949 1908 4037 nobis
1921 3947 2088 4038 exhibuit

452 4084 490 4158 ct
518 4065 695 4186 produxit
722 4065 911 4155 Maiestati
940 4081 1070 4156 nostre
1110 4065 1235 4155 debita
1264 4095 1348 4154 cum
1379 4067 1559 4155 instancia
1589 4066 1854 4185 supplicando,
1901 4083 2085 4187 quatenus

454 4186 525 4278 sibi
556 4185 714 4273 eandem
741 4185 884 4302 literam
914 4184 962 4274 de
992 4188 1117 4273 innata
1138 4185 1246 4275 nobis
1267 4187 1372 4307 regie
1393 4187 1631 4305 benignitatis
1652 4187 1858 4277 clemencia
1888 4185 2087 4290 ratilicare,

560 4455 602 4538 (¹)
630 4454 677 4522 Ex
692 4451 853 4540 archetypo
864 4453 1099 4521 membranaceo
1115 4455 1318 4522 Varsariensis
1338 4455 1476 4524 tabularii
1501 4455 1611 4541 publici
1627 4455 1726 4542 Regni
1745 4455 1905 4530 Poloniae‚
1920 4449 2086 4538 etquidem
2205 4442 2208 4452 ’

456 4537 508 4606 Nr.
522 4539 581 4604 orl
601 4539 696 4605 deseri
720 4547 793 4605 torn.
807 4534 954 4604 Funisulo
965 4539 1062 4605 serico
1072 4539 1185 4605 eoloris
1200 4541 1289 4616 rosei,
1303 4540 1366 4606 albi
1381 4548 1411 4606 et
1426 4539 1502 4626 nigri
1515 4559 1680 4638 appensum
1697 4547 1742 4606 est
1757 4539 1887 4626 sigillum
1902 4535 1993 4612 idom,
2030 4535 2089 4602 nod

457 4621 598 4704 inopere
612 4623 686 4698 „Zbi
744 4642 831 4710 praw
845 4623 918 4692 otc.''
944 4627 975 4690 in
990 4623 1050 4690 ima
1075 4631 1160 4710 parte
1185 4623 1307 4690 tabidae
1321 4626 1364 4690 lv
1379 4644 1396 4690 a
1410 4645 1504 4690 manu
1518 4625 1636 4691 sinistra
1650 4625 1786 4694 effictum
1797 4624 1942 4692 comitur.
1975 4621 2003 4690 Τ
2040 4619 2089 4688 ula

459 4705 534 4771 haec
548 4707 691 4792 praecisa,
707 4707 738 4772 in
760 4729 865 4775 aversa
879 4714 980 4774 antem
1007 4707 1071 4794 ejus
1121 4717 1184 4775 arte
1204 4717 1396 4775 annotatum:
1418 4709 1595 4788 „Gassatae,
1672 4717 1778 4796 tquam
1791 4707 1822 4775 S.
1838 4707 1933 4793 Regia
1947 4706 2088 4772 Maiestas

458 4809 595 4856 summas
609 4789 843 4858 inbocontentas
857 4792 954 4858 Nobili
963 4793 1094 4862 Martino
1139 4793 1280 4882 alpenslrp
1293 4794 1323 4859 in
1336 4793 1415 4858 bona
1429 4814 1484 4859 sua
1498 4793 1587 4858 sortis
1602 4793 1623 4860 Ιι
1662 4814 1714 4860 raa
1728 4793 1835 4860 dacem
1850 4811 2026 4858 mansorum
2036 4788 2089 4856 ril-

459 4873 508 4942 lac
524 4873 639 4962 Kolpos
655 4875 818 4951 transtulit,
840 4885 931 4964 atque
946 4877 983 4942 ad
1003 4877 1193 4946 rumumm
1208 4876 1289 4944 Suae
1303 4877 1468 4944 Maiestatis
1484 4877 1588 4944 latae.”
