4878 5942
1122 723 1397 793 -uue-

1141 1019 1375 1139 uoxorn.
1456 1047 1459 1056 ⁴
2070 1163 2081 1183 .

543 1259 823 1356 nomena,
839 1279 1004 1362 ‚anno
1035 1253 1177 1342 1351
1204 1257 1298 1344 ore
1322 1254 1395 1342 12
1421 1256 1622 1342 mensa
1649 1221 1970 1344 neomuto.
2015 1355 2017 1358 ,

480 1461 711 1536 Nteoleus
727 1459 900 1534 turonicus
914 1455 1189 1534 lttctistautcnstr
1203 1457 1312 1532 vittam
1334 1460 1510 1528 ctomintno
1526 1459 1781 1534 cutamttrmo
1790 1463 1862 1556 juro
1878 1461 2032 1535 odmmrt

905 1619 908 1629 .
961 1562 1082 1634 colonis
1093 1562 1354 1652 conuertentem
1370 1563 1491 1636 contcrt
1506 1564 1556 1648 (¹).
1916 1573 1918 1577 ’
2054 1580 2058 1588 ·

543 1748 584 1842 ln
606 1757 755 1842 nomine
776 1753 932 1854 domini,
963 1783 1085 1840 amen.
1122 1751 1288 1840 Humani
1309 1755 1463 1873 generis
1490 1754 1668 1841 acciones
1689 1770 1871 1872 perpetua
1891 1755 2074 1841 memoria

441 1873 676 1992 indigentes,
697 1873 915 1991 plerumque
944 1873 994 1958 ab
1015 1870 1201 1958 bominum
1224 1873 1401 1958 memoria
1423 1871 1606 1975 labuntur,
1627 1897 1700 1984 que
1721 1872 1991 1990 scripturarum
2012 1885 2069 1956 te·

441 1993 615 2081 stimoniu
642 2019 717 2077 non
747 1988 966 2078 solidantur.
1009 1987 1103 2076 lnde
1122 2002 1192 2094 est,
1215 1989 1318 2102 quod
1340 2020 1410 2077 nos
1430 1989 1614 2096 lllathias,
1651 1990 1778 2078 diuina
1808 2006 1844 2078 et
1864 1989 2076 2107 apostolice

442 2109 547 2198 sudis
569 2107 811 2226 prouidenoia
839 2107 1001 2195 ecclesie
1023 2105 1336 2194 wladislauiensis
1358 2109 1581 2225 episcopus,
1613 2139 1687 2196 una
1709 2136 1794 2196 curn
1815 2109 1982 2225 capitulo
2003 2135 2074 2195 oo-

444 2243 524 2316 stro
544 2225 848 2326 wladislauiensi,
872 2227 1082 2344 cupientes,
1104 2238 1143 2310 ut
1170 2225 1223 2311 rei
1254 2239 1367 2344 geste
1399 2227 1589 2314 internos
1617 2241 1655 2314 et
1682 2227 1881 2346 capitulum
1902 2239 2076 2314 nostrum

443 2344 749 2432 wladislaoiense
769 2343 989 2462 predictum,
1011 2374 1059 2430 ex
1079 2373 1152 2431 nna
1174 2356 1302 2462 parte,
1324 2359 1360 2430 et
1382 2344 1584 2432 discretum
1607 2347 1724 2432 virum
1754 2342 1877 2432 Adam
1908 2342 1958 2432 de
1982 2347 2075 2431 Cleo·

440 2470 590 2568 minino,
611 2463 695 2550 ville
717 2461 910 2580 prebende
935 2461 1249 2550 wladislauiensis
1271 2461 1434 2550 ecclesie
1455 2459 1513 2574 (2)
1536 2495 1583 2551 ex
1604 2463 1740 2564 altera,
1770 2461 1872 2580 apud
1896 2475 2074 2581 posteros

441 2582 620 2670 memoria
642 2581 786 2696 plenior
806 2581 1009 2687 habeatur3
1031 2597 1158 2668 notum
1185 2581 1341 2668 iacimus
1362 2583 1547 2669 uniuersis
1564 2597 1762 2700 presentes
1779 2582 1906 2670 literas
1922 2583 2072 2698 iuspec-

441 2701 551 2787 turis:
580 2698 700 2814 Quod
726 2699 956 2787 honorabilis
986 2699 1051 2786 vir·
1071 2698 1244 2786 dominus
1273 2697 1468 2802 Nicolaus,
1487 2703 1695 2787 canonicus
1722 2712 1855 2788 noster
1877 2695 2071 2785 wladisla-

442 2819 600 2922 uiensis,
629 2819 690 2930 qui
712 2819 861 2905 nomine
882 2815 1076 2936 prebende
1105 2833 1143 2904 et
1162 2819 1408 2906 canonicatus
1430 2818 1555 2909 villam
1585 2847 1758 2936 pronunc
1778 2815 2072 2924 teneteaudem,

443 2935 641 3022 intendens
670 2935 924 3024 melioracioni
950 2936 1036 3022 villo
1058 2934 1245 3052 predicte,
1275 2933 1324 3021 de
1345 2935 1536 3024 uoluntate
1568 2952 1605 3023 et
1625 2965 1815 3025 consensu
1856 2949 1987 3024 nostro
2031 2963 2079 3021 ac

442 3053 593 3172 capituli
613 3053 945 3160 wladislauieusis,
974 3055 1156 3170 prefatam
1177 3054 1302 3148 villam
1325 3057 1538 3142 Ctominino
1560 3054 1747 3144 scoltbeto
1768 3067 1991 3171 prenotato,
2025 3049 2076 3139 ad

442 3171 846 3291 mansosllamingicos
860 3175 949 3290 jure
970 3170 1274 3292 meydburgensi,
1290 3175 1448 3289 proutin
1465 3188 1566 3262 terra
1582 3173 1762 3261 culmensi
1776 3187 1934 3276 tenetur,
1956 3197 2075 3376 expo·

443 3291 518 3397 suit
535 3289 587 3378 ad
606 3287 820 3404 locandum,
839 3290 911 3378 sub
931 3285 1185 3398 ordinacione,
1207 3307 1248 3380 ut
1266 3292 1417 3380 inlerius
1439 3293 1716 3405 enotatur(sio).
1738 3287 1869 3380 Primo
1894 3289 1992 3403 siqui
2019 3317 2077 3376 em

442 3409 661 3528 segregatis
680 3409 799 3497 tribus
819 3410 961 3498 mansis
1000 3407 1170 3525 predicto
1211 3409 1364 3499 domino
1390 3409 1553 3499 Nicolao
1590 3425 1627 3498 et
1665 3411 1744 3498 suis
1772 3407 2079 3512 successoribus,

443 3526 631 3614 scoltbeto
660 3542 698 3614 et
717 3527 796 3614 suis
816 3531 992 3644 posteris,
1014 3527 1168 3616 racione
1189 3528 1406 3634 lecacionis,
1435 3527 1569 3616 damus
1591 3528 1690 3617 duos
1710 3529 1870 3617 mansos
1908 3541 1946 3614 et
1966 3541 2079 3612 unum

444 3657 568 3732 ortum
599 3660 635 3732 et
656 3643 848 3733 tabernam
870 3646 1009 3733 liberos
1039 3674 1063 3730 a
1084 3677 1203 3734 censu
1223 3660 1385 3752 tuntum,
1416 3647 1485 3734 sed
1507 3645 1796 3736 nonadecima
1812 3649 1899 3764 jure
1926 3639 2076 3732 beredi-

445 3763 540 3850 tmio
559 3777 742 3880 perpetuo
770 3762 928 3880 pacifice
949 3762 1206 3882 possidendos
1226 3765 1322 3876 (sic);
1344 3766 1467 3855 incole
1486 3796 1578 3854 vero
1599 3765 1690 3884 ipsi,
1712 3767 1852 3884 elapsis
1873 3794 1943 3852 sex
1971 3761 2080 3850 annis

339 3943 343 3949 -
445 3880 645 3984 libertatis,
676 3879 810 3969 adata
830 3883 1068 3998 presencium
1097 3881 1379 3999 computandis,
1408 3883 1530 3970 eidem
1558 3883 1710 3972 domino
1736 3881 1898 3972 Nicolao
1930 3895 1968 3969 et
1999 3878 2079 3967 suis
2111 3957 2117 3969 .

444 3999 758 4105 successoribus,
786 4001 849 4112 qui
870 4029 941 4118 pro
963 4015 1132 4116 tempore
1154 4001 1297 4106 luerint,
1320 4001 1354 4088 in
1376 4001 1474 4089 lesto
1500 4003 1598 4090 beati
1618 4000 1781 4106 Martini,
1802 4002 1960 4089 racione
1987 4027 2077 4084 cen-

447 4147 531 4221 sus,
560 4116 692 4204 decem
720 4133 851 4206 scotos
880 4117 1119 4204 denariorum
1151 4119 1292 4206 usualis
1315 4120 1509 4224 munetho,
1537 4134 1574 4208 et
1595 4119 1693 4208 duos
1723 4121 1851 4236 pullos
1874 4116 1923 4206 de'
1946 4143 2079 4203 manso

447 4235 731 4346 quolibet[dare
743 4235 1015 4340 tenebuntur?];
1032 4235 1171 4324 dabunt
1187 4237 1304 4324 eciam
1323 4236 1493 4355 predicto
1507 4237 1658 4326 donnino
1673 4235 1832 4326 Nicolao
1848 4251 1885 4324 et
1900 4238 1978 4323 suis
1993 4261 2078 4322 suc·

448 4354 667 4442 sessoribus
683 4384 795 4442 unum
811 4353 968 4453 arietem,
985 4355 1144 4473 singulis
1156 4356 1263 4444 annis
1279 4359 1315 4443 in
1327 4357 1423 4444 leste
1439 4357 1715 4475 assumpoionis
1731 4357 1841 4445 beate
1856 4353 1990 4461 Maria
2006 4351 2084 4440 sol·

507 4686 515 4700 .
550 4601 588 4750 ΕΙ)
629 4603 676 4668 Ex
691 4603 852 4702 crpbetppo
875 4605 1107 4672 membranaceo
1127 4605 1267 4672 tabularii
1289 4607 1410 4706 papituli
1434 4606 1700 4706 Wludislouionsis.
1737 4604 1884 4693 Sigillum,
1907 4625 1973 4692 quo
1995 4603 2085 4690 nrlgo

449 4692 550 4772 capitu
562 4705 613 4750 um
629 4687 884 4756 Wladrsluurensc
898 4691 1048 4766 utebatur,
1063 4709 1231 4778 appensum
1247 4690 1316 4757 burc
1330 4691 1452 4758 tubulas
1463 4712 1527 4776 Jum
1543 4699 1686 4757 attritum.

551 4769 590 4854 (²)
632 4772 667 4836 In
683 4792 785 4838 averso
801 4772 890 4860 hujus
911 4775 1032 4840 tabulae
1047 4782 1132 4860 parte
1154 4775 1222 4840 villa
1235 4775 1310 4843 brec
1332 4777 1472 4842 scribitur
1489 4775 1634 4854 Clomlin,
1658 4777 1688 4841 in
1703 4775 1813 4842 tabulis
1828 4780 1929 4840 tamen
1952 4791 2081 4858 geogra-

448 4853 544 4942 pbieis
556 4873 611 4920 uec
629 4851 817 4934 Clomr'nino,
840 4879 943 4945 aequm
962 4856 1098 4924 Ciomttn
1113 4860 1253 4925 occurrit.
