4876 5940
1123 695 1298 770 -924
1361 733 1397 748 -·

1015 999 1038 1061 ·’
1123 969 1400 1115 CCXlllllll.
1813 1127 1817 1136 ¹

448 1220 453 1235 ’
588 1233 867 1336 memma,
891 1252 1049 1322 uarro
1073 1229 1231 1320 132⁰
1257 1231 1352 1320 uro
1375 1227 1449 1317 22
1473 1228 1675 1360 mendo
1699 1226 1940 1338 Aumutt.

447 1435 711 1515 lutulena
732 1433 988 1532 monimumpno
1003 1403 1209 1522 danmando,
1230 1433 1420 1526 ttapttanena
1439 1433 1539 1526 rom
1552 1431 1697 1507 roloniae
1713 1433 1748 1508 et
1763 1431 1902 1506 nnuma
1915 1429 2073 1526 umadoe

445 1537 604 1614 umato
623 1537 779 1627 lotooopo
799 1536 1050 1613 vudatartonot
1068 1537 1100 1611 in
1119 1537 1370 1626 honaKoutaty,
1384 1533 1535 1626 Pmototal
1549 1533 1762 1627 monnone
1779 1533 1950 1608 homallant
1964 1533 2072 1608 droco

444 1639 564 1716 murto
579 1637 722 1730 morta,
742 1639 785 1713 ot
805 1655 868 1714 ron
881 1639 1113 1716 metationem
1125 1638 1184 1712 ltu
1197 1653 1384 1724 uuam,
1402 1636 1544 1710 imminuo
1557 1635 1786 1712 localitatem
1796 1635 1964 1710 conantem
1978 1633 2073 1708 hono-

1105 1737 1413 1834 matjuttoottp.

548 1929 592 2018 lu
618 1930 769 2020 nomine
798 1930 958 2039 domini,
994 1959 1117 2021 amen.
1178 1927 1263 2020 Nos
1291 1928 1493 2036 lauislaus,
1523 1926 1649 2018 diuina
1668 1941 1707 2016 et
1730 1926 1942 2046 apostolice
1969 1925 2073 2018 sedis

473 2045 693 2138 rouidencia
724 2062 857 2138 sancte
884 2051 1115 2169 gneznemis
1141 2049 1303 2138 ecclesie
1327 2047 1659 2166 archiepiscopus,
1695 2046 1915 2168 capitaneus
1943 2043 2073 2164 Regni
2177 2135 2184 2154 ,

445 2079 608 2254 l'olonie
636 2182 675 2254 et
703 2165 864 2256 ducatus
895 2165 1087 2284 Cuyauie,
1117 2181 1245 2282 uotum
1274 2165 1432 2256 iacimus
1461 2163 1669 2269 uniuersiS,¹
1694 2175 1909 2300 presentem
1930 2163 2074 2252 literam

447 2285 690 2400 inspecturis:
721 2282 824 2402 quod
850 2286 1036 2374 constituti
1066 2287 1253 2376 innostra
1273 2299 1311 2374 et
1330 2283 1512 2372 baronum
1532 2281 1851 2400 inlrasonptorum
1872 2295 1973 2370 terre
1996 2281 2074 2370 Cu-

447 2401 560 2518 yauie
600 2403 800 2520 presencia
836 2400 1091 2523 Nassegneus
1118 2401 1244 2490 ludex
1275 2401 1455 2516 Cuyauie,
1484 2414 1523 2489 et
1549 2399 1730 2488 Albertus
1756 2397 1880 2488 dietus
1901 2397 2075 2518 Zydouo,

448 2517 696 2608 fideiussores
711 2517 903 2638 Prihislay
923 2519 1198 2636 Troyanouioz,
1220 2519 1412 2608 castellani
1433 2517 1483 2606 de
1505 2521 1651 2623 Coacta
1673 2519 1822 2606 nomine
1842 2523 2014 2638 proprio,
2036 2533 2076 2608 et
2137 2597 2143 2602 .

330 2683 339 2706 ι
448 2636 599 2724 nomine
619 2633 779 2754 Nicolay
799 2637 886 2726 dicti
902 2637 1058 2758 lllugus
1078 2635 1387 2726 conlideiussoris
1407 2665 1559 2742 eorum,
1589 2637 1884 2756 assignauerunt
1903 2651 1940 2724 et
1959 2633 2074 2722 tradi·

448 2751 584 2844 derunt
603 2753 846 2844 hereditatem
865 2753 1003 2844 dictam
1022 2761 1182 2844 Koocolo'
1215 2756 1349 2874 prelati
1369 2753 1556 2860 Pribislai,
1584 2754 1693 2842 sitam
1722 2753 1823 2841 iuxta
1846 2758 2073 2842 Brooo'oluuc

449 2871 532 2984 (sic)
554 2867 627 2988 (Ξ),
648 2887 825 2992 tanquam
861 2871 1106 2962 fideiussores
1126 2874 1321 2960 memorati
1350 2870 1562 2988 Prihislay,
1600 2883 1638 2958 et
1663 2871 1813 2960 nomine
1832 2868 2074 2960 fideiussorio

448 3005 694 3105 prccantum
752 2990 996 3110 uinquagiuta
1026 2991 1163 3078 marcis
1193 3005 1341 3078 monete
1362 2989 1523 3096 usualis,
1558 2987 1761 3077 venerabili
1791 2985 1886 3106 patri
1920 2987 2075 3078 domiuo

449 3105 663 3210 Geruardo,
684 3022 992 3196 Wladislauiensi
1013 3109 1217 3226 episcopm
1249 3137 1344 3224 quas
1364 3135 1514 3196 marcas
1534 3105 1725 3225 predictus
1744 3105 1953 3196 Prihislaus
1975 3122 2074 3196 tena-

448 3219 560 3312 hatur
579 3223 718 3328 eidam,
750 3241 787 3315 et
815 3253 884 3342 pro
907 3225 1042 3344 quibus
1073 3225 1282 3343 peripsum
1303 3223 1548 3314 fideiussores
1568 3221 1724 3343 predicti
1743 3225 1891 3312 luerem
1907 3224 2073 3345 obligati.

449 3337 577 3456 Quam
598 3339 840 3432 hereditatem
858 3339 980 3432 dietus
995 3342 1167 3434 dominus
1188 3344 1401 3462 episeopus,
1422 3355 1511 3431 tuno
1525 3343 1705 3460 temporis
1718 3343 1967 3461 personaliter
1987 3371 2076 3432 con·

327 3540 333 3551 .
364 3541 368 3578 =
449 3461 614 3564 stitutus,
635 3473 811 3578 tanquam
826 3461 864 3547 in
884 3460 1045 3574 solutum
1065 3474 1104 3549 et
1122 3475 1302 3578 emptum,
1333 3491 1403 3577 pro
1419 3459 1523 3548 dicta
1543 3485 1689 3550 summa
1711 3461 1880 3579 pecunie,
1895 3475 2075 3578 accepta·

360 3631 370 3656 .
449 3575 520 3682 uit,
551 3605 636 3662 cum
652 3578 998 3692 protestaoionibus
1017 3580 1278 3698 inlrcscriptis3
1298 3579 1419 3696 primu
1440 3576 1623 3684 videlicet,
1644 3577 1798 3697 quodsi
1818 3575 2075 3697 quandocum—
2144 3691 2148 3696 ἱ

451 3721 526 3812 que
556 3693 784 3897 irppeteretur
812 3725 929 3812 super
949 3695 1116 3814 predicta
1137 3696 1364 3806 hereditate,
1397 3711 1477 3784 eta
1499 3721 1726 3816 quocunque
1745 3694 1795 3784 de
1815 3696 1916 3786 lacto
1943 3695 2005 3784 uel
2025 3694 2075 3796 de

362 3853 371 3894 t
449 3811 548 3916 iure,
607 3811 667 3898 icti
699 3810 945 3902 fideiussores
972 3812 1022 3900 ad
1042 3813 1282 3901 euiooionem
1310 3827 1525 3901 tenerentur
1553 3812 1695 3921 eidem;
1725 3829 1763 3902 et
1782 3811 1884 3931 quod
1905 3813 1937 3901 si
1953 3812 2074 3900 Pribi·

451 3929 557 4016 slaus
578 3928 758 4046 prelatus,
779 3929 840 4015 uel
860 3929 965 4036 alter,
987 3930 1049 4048 qui
1069 3929 1119 4016 ad
1140 3929 1214 4018 hoc
1234 3961 1278 4018 se
1298 3929 1467 4017 dicerent
1485 3931 1543 4018 ius
1564 3927 1713 4034 habere,
1744 3931 1990 4052 prescriptam
2006 3961 2074 4048 pe·

351 4112 356 4125 .
449 4047 598 4134 cuniam
626 4073 650 4133 a
680 4045 741 4135 dia
761 4047 894 4136 natalis
915 4047 1055 4136 domini
1069 4049 1194 4136 'nostri
1212 4047 1306 4138 lesu
1327 4046 1466 4166 Christi
1486 4049 1656 4168 proxime
1676 4047 1853 4148 allatura,
1892 4078 1968 4137 non
1994 4047 2073 4136 sol-

449 4164 571 4251 uerint
596 4163 694 4256 inira
722 4195 881 4272 annum,
926 4161 1064 4254 entuno
1092 4195 1207 4286 super
1226 4160 1493 4284 redempcione
1514 4163 1946 4284 hereditatisaepedictc
1971 4181 2076 4260 esset

550 4477 590 4561 (¹)
612 4477 660 4546 Ex
674 4477 834 4566 archetypo
847 4480 1080 4547 membranaceo
1093 4479 1231 4547 tahanlarii
1244 4479 1365 4568 capituli
1380 4481 1647 4568 Wladislarimsie.
1688 4479 1784 4568 siguli
1802 4479 1922 4569 abrupti
1937 4489 2076 4568 superest

450 4563 983 4796 whllh'hhlllgghhoghhum
993 4647 1093 4734 Regni
1107 4645 1250 4716 Potoniae
1264 4668 1281 4714 a
1295 4647 1460 4716 clarissimo
1471 4647 1542 4717 Gilli
1559 4648 1733 4750 composita,
1745 4647 1972 4737 rillaKotm‘oly
1987 4647 2076 4716 eollo·

449 4736 515 4796 octa
543 4737 589 4794 est
609 4748 687 4794 orrea
705 4729 804 4796 ultam
859 4729 1034 4819 vomebam,
1056 4739 1122 4798 ntra
1165 4753 1183 4797 e
1205 4731 1236 4798 in
1251 4733 1375 4820 ragione
1388 4733 1626 4820 Radziejorlensi
1639 4734 1704 4810 sitm
1718 4755 1749 4800 m
1763 4733 1865 4800 taloula
1878 4733 2075 4822 geographica

449 4811 562 4880 adom·
573 4809 635 4880 tut
649 4811 780 4901 Colberg
794 4815 956 4884 Veneriae
970 4837 1051 4883 anno
1068 4817 1083 4882 l
1164 4815 1253 4897 edita,
1267 4817 1373 4884 eadem
1388 4817 1456 4884 uilla
1470 4816 1529 4886 lert
1543 4839 1653 4887 nomeu
1671 4817 1842 4905 Koeouuly.
