<?xml version="1.0" encoding="UTF-8"?>
<!DOCTYPE html PUBLIC "-//W3C//DTD XHTML 1.0 Transitional//EN"
    "http://www.w3.org/TR/xhtml1/DTD/xhtml1-transitional.dtd">
<html xmlns="http://www.w3.org/1999/xhtml" xml:lang="en" lang="en">
 <head>
  <title>
</title>
<meta http-equiv="Content-Type" content="text/html;charset=utf-8" />
  <meta name='ocr-system' content='tesseract 3.04.00' />
  <meta name='ocr-capabilities' content='ocr_page ocr_carea ocr_par ocr_line ocrx_word'/>
</head>
<body>
  <div class='ocr_page' id='page_1' title='image "./codexdiplomatic01bartgoog_0353.png"; bbox 0 0 4878 5942; ppageno 0'>
   <div class='ocr_carea' id='block_1_1' title="bbox 1058 725 1330 802">
    <p class='ocr_par' dir='ltr' id='par_1_1' title="bbox 1058 725 1330 802">
     <span class='ocr_line' id='line_1_1' title="bbox 1058 725 1330 802; baseline -0.015 1"><span class='ocrx_word' id='word_1_1' title='bbox 1058 725 1229 802; x_wconf 77' lang='lat' dir='ltr'><strong>-aot</strong></span> <span class='ocrx_word' id='word_1_2' title='bbox 1286 767 1330 782; x_wconf 72' lang='grc'><strong>.-</strong></span> 
     </span>
    </p>
   </div>
   <div class='ocr_carea' id='block_1_2' title="bbox 293 913 2100 2600">
    <p class='ocr_par' dir='ltr' id='par_1_2' title="bbox 293 913 2100 2600">
     <span class='ocr_line' id='line_1_2' title="bbox 381 913 2009 1049; baseline -0.004 -27"><span class='ocrx_word' id='word_1_3' title='bbox 381 933 477 1022; x_wconf 85' lang='lat' dir='ltr'><strong>mori</strong></span> <span class='ocrx_word' id='word_1_4' title='bbox 496 927 779 1049; x_wconf 73' lang='lat' dir='ltr'><strong>quomodolibet</strong></span> <span class='ocrx_word' id='word_1_5' title='bbox 799 931 936 1048; x_wconf 89' lang='lat' dir='ltr'><strong>poterit</strong></span> <span class='ocrx_word' id='word_1_6' title='bbox 956 931 991 1016; x_wconf 94' lang='lat' dir='ltr'><strong>in</strong></span> <span class='ocrx_word' id='word_1_7' title='bbox 1012 931 1134 1019; x_wconf 89' lang='lat' dir='ltr'><strong>loturo</strong></span> <span class='ocrx_word' id='word_1_8' title='bbox 1157 931 1259 1042; x_wconf 81' lang='lat' dir='ltr'><strong>(sic),</strong></span> <span class='ocrx_word' id='word_1_9' title='bbox 1290 957 1375 1016; x_wconf 90' lang='lat' dir='ltr'><strong>cum</strong></span> <span class='ocrx_word' id='word_1_10' title='bbox 1396 940 1506 1046; x_wconf 87' lang='lat' dir='ltr'><strong>prato</strong></span> <span class='ocrx_word' id='word_1_11' title='bbox 1528 927 1663 1016; x_wconf 81' lang='lat' dir='ltr'>ibidem</span> <span class='ocrx_word' id='word_1_12' title='bbox 1695 929 1728 1014; x_wconf 95' lang='lat' dir='ltr'><strong>in</strong></span> <span class='ocrx_word' id='word_1_13' title='bbox 1749 913 2009 1044; x_wconf 72' lang='lat' dir='ltr'><strong>Ldpyemnpley</strong></span> 
     </span>
     <span class='ocr_line' id='line_1_3' title="bbox 338 1047 2008 1166; baseline -0.002 -26"><span class='ocrx_word' id='word_1_14' title='bbox 338 1076 342 1084; x_wconf 84' lang='lat'>·</span> <span class='ocrx_word' id='word_1_15' title='bbox 380 1053 484 1140; x_wconf 90' lang='lat' dir='ltr'><strong>circa</strong></span> <span class='ocrx_word' id='word_1_16' title='bbox 507 1049 669 1136; x_wconf 89' lang='lat' dir='ltr'><strong>eundem</strong></span> <span class='ocrx_word' id='word_1_17' title='bbox 690 1048 773 1160; x_wconf 81' lang='lat' dir='ltr'><strong>(sic)</strong></span> <span class='ocrx_word' id='word_1_18' title='bbox 793 1047 1064 1152; x_wconf 84' lang='lat' dir='ltr'><strong>molendinum,</strong></span> <span class='ocrx_word' id='word_1_19' title='bbox 1095 1054 1131 1136; x_wconf 93' lang='lat' dir='ltr'><strong>in</strong></span> <span class='ocrx_word' id='word_1_20' title='bbox 1152 1077 1229 1161; x_wconf 87' lang='lat' dir='ltr'><strong>quo</strong></span> <span class='ocrx_word' id='word_1_21' title='bbox 1249 1051 1366 1164; x_wconf 86' lang='lat' dir='ltr'><strong>prato</strong></span> <span class='ocrx_word' id='word_1_22' title='bbox 1385 1047 1661 1166; x_wconf 87' lang='lat' dir='ltr'><strong>quadragiotha</strong></span> <span class='ocrx_word' id='word_1_23' title='bbox 1691 1077 1825 1134; x_wconf 87' lang='lat' dir='ltr'><strong>currus</strong></span> <span class='ocrx_word' id='word_1_24' title='bbox 1851 1047 2008 1138; x_wconf 83' lang='lat' dir='ltr'><strong>doleno</strong></span> 
     </span>
     <span class='ocr_line' id='line_1_4' title="bbox 379 1165 2007 1290; baseline -0.002 -34"><span class='ocrx_word' id='word_1_25' title='bbox 379 1171 518 1290; x_wconf 88' lang='lat' dir='ltr'><strong>poterit</strong></span> <span class='ocrx_word' id='word_1_26' title='bbox 545 1167 676 1255; x_wconf 88' lang='lat' dir='ltr'><strong>lalcari</strong></span> <span class='ocrx_word' id='word_1_27' title='bbox 706 1169 743 1254; x_wconf 93' lang='lat' dir='ltr'><strong>in</strong></span> <span class='ocrx_word' id='word_1_28' title='bbox 772 1183 902 1254; x_wconf 91' lang='lat' dir='ltr'><strong>nostra</strong></span> <span class='ocrx_word' id='word_1_29' title='bbox 931 1166 1018 1253; x_wconf 90' lang='lat' dir='ltr'><strong>villa</strong></span> <span class='ocrx_word' id='word_1_30' title='bbox 1047 1181 1136 1254; x_wconf 89' lang='lat' dir='ltr'><strong>anta</strong></span> <span class='ocrx_word' id='word_1_31' title='bbox 1163 1169 1347 1254; x_wconf 87' lang='lat' dir='ltr'><strong>civitatem</strong></span> <span class='ocrx_word' id='word_1_32' title='bbox 1370 1179 1538 1252; x_wconf 84' lang='lat' dir='ltr'><strong>nostram</strong></span> <span class='ocrx_word' id='word_1_33' title='bbox 1570 1165 1834 1268; x_wconf 82' lang='lat' dir='ltr'><strong>Brestensem,</strong></span> <span class='ocrx_word' id='word_1_34' title='bbox 1857 1182 1893 1252; x_wconf 90' lang='lat' dir='ltr'><strong>et</strong></span> <span class='ocrx_word' id='word_1_35' title='bbox 1913 1167 2007 1254; x_wconf 86' lang='lat' dir='ltr'><strong>alias</strong></span> 
     </span>
     <span class='ocr_line' id='line_1_5' title="bbox 381 1284 2009 1404; baseline -0.002 -28"><span class='ocrx_word' id='word_1_36' title='bbox 381 1317 515 1376; x_wconf 88' lang='lat' dir='ltr'><strong>omnes</strong></span> <span class='ocrx_word' id='word_1_37' title='bbox 536 1285 730 1388; x_wconf 72' lang='lat' dir='ltr'><strong>utilitates,</strong></span> <span class='ocrx_word' id='word_1_38' title='bbox 762 1313 859 1404; x_wconf 88' lang='lat' dir='ltr'><strong>quas</strong></span> <span class='ocrx_word' id='word_1_39' title='bbox 879 1285 1007 1371; x_wconf 88' lang='lat' dir='ltr'><strong>lacere</strong></span> <span class='ocrx_word' id='word_1_40' title='bbox 1027 1285 1163 1402; x_wconf 89' lang='lat' dir='ltr'><strong>poterit</strong></span> <span class='ocrx_word' id='word_1_41' title='bbox 1184 1288 1219 1370; x_wconf 90' lang='lat' dir='ltr'><strong>in</strong></span> <span class='ocrx_word' id='word_1_42' title='bbox 1241 1285 1320 1370; x_wconf 91' lang='lat' dir='ltr'><strong>suis</strong></span> <span class='ocrx_word' id='word_1_43' title='bbox 1341 1286 1502 1389; x_wconf 80' lang='lat' dir='ltr'><strong>mansis3</strong></span> <span class='ocrx_word' id='word_1_44' title='bbox 1524 1311 1596 1395; x_wconf 89' lang='lat' dir='ltr'><strong>que</strong></span> <span class='ocrx_word' id='word_1_45' title='bbox 1618 1285 1742 1370; x_wconf 89' lang='lat' dir='ltr'><strong>omnia</strong></span> <span class='ocrx_word' id='word_1_46' title='bbox 1761 1284 1901 1371; x_wconf 85' lang='lat' dir='ltr'><strong>debent</strong></span> <span class='ocrx_word' id='word_1_47' title='bbox 1920 1314 2009 1372; x_wconf 86' lang='lat' dir='ltr'><strong>esse</strong></span> 
     </span>
     <span class='ocr_line' id='line_1_6' title="bbox 381 1401 2008 1523; baseline 0 -31"><span class='ocrx_word' id='word_1_48' title='bbox 381 1405 501 1492; x_wconf 90' lang='lat' dir='ltr'><strong>libera</strong></span> <span class='ocrx_word' id='word_1_49' title='bbox 522 1419 600 1491; x_wconf 89' lang='lat' dir='ltr'><strong>eta</strong></span> <span class='ocrx_word' id='word_1_50' title='bbox 632 1401 795 1523; x_wconf 90' lang='lat' dir='ltr'><strong>qualibet</strong></span> <span class='ocrx_word' id='word_1_51' title='bbox 826 1404 1010 1520; x_wconf 86' lang='lat' dir='ltr'><strong>pensione</strong></span> <span class='ocrx_word' id='word_1_52' title='bbox 1039 1406 1186 1520; x_wconf 88' lang='lat' dir='ltr'><strong>penitus</strong></span> <span class='ocrx_word' id='word_1_53' title='bbox 1214 1401 1398 1489; x_wconf 84' lang='lat' dir='ltr'><strong>absoluta.</strong></span> <span class='ocrx_word' id='word_1_54' title='bbox 1461 1403 1640 1488; x_wconf 88' lang='lat' dir='ltr'><strong>Preterea</strong></span> <span class='ocrx_word' id='word_1_55' title='bbox 1668 1402 1765 1486; x_wconf 93' lang='lat' dir='ltr'><strong>idem</strong></span> <span class='ocrx_word' id='word_1_56' title='bbox 1796 1403 2008 1492; x_wconf 87' lang='lat' dir='ltr'><strong>advocatus</strong></span> 
     </span>
     <span class='ocr_line' id='line_1_7' title="bbox 381 1520 2007 1640; baseline -0.001 -29"><span class='ocrx_word' id='word_1_57' title='bbox 381 1523 630 1611; x_wconf 89' lang='lat' dir='ltr'><strong>Thomassius</strong></span> <span class='ocrx_word' id='word_1_58' title='bbox 665 1535 703 1608; x_wconf 93' lang='lat' dir='ltr'><strong>et</strong></span> <span class='ocrx_word' id='word_1_59' title='bbox 738 1523 797 1608; x_wconf 91' lang='lat' dir='ltr'><strong>sui</strong></span> <span class='ocrx_word' id='word_1_60' title='bbox 828 1524 969 1639; x_wconf 89' lang='lat' dir='ltr'><strong>posterj</strong></span> <span class='ocrx_word' id='word_1_61' title='bbox 1002 1520 1225 1640; x_wconf 87' lang='lat' dir='ltr'><strong>judicabunt</strong></span> <span class='ocrx_word' id='word_1_62' title='bbox 1259 1548 1391 1607; x_wconf 92' lang='lat' dir='ltr'><strong>omnes</strong></span> <span class='ocrx_word' id='word_1_63' title='bbox 1422 1549 1581 1626; x_wconf 87' lang='lat' dir='ltr'><strong>causas,</strong></span> <span class='ocrx_word' id='word_1_64' title='bbox 1612 1535 1686 1607; x_wconf 90' lang='lat' dir='ltr'><strong>tam</strong></span> <span class='ocrx_word' id='word_1_65' title='bbox 1710 1550 1870 1639; x_wconf 89' lang='lat' dir='ltr'><strong>magnas</strong></span> <span class='ocrx_word' id='word_1_66' title='bbox 1896 1552 2007 1640; x_wconf 91' lang='lat' dir='ltr'><strong>quam</strong></span> 
     </span>
     <span class='ocr_line' id='line_1_8' title="bbox 380 1635 2008 1761; baseline -0.002 -31"><span class='ocrx_word' id='word_1_67' title='bbox 380 1670 543 1761; x_wconf 74' lang='lat' dir='ltr'><strong>poruaS,</strong></span> <span class='ocrx_word' id='word_1_68' title='bbox 574 1637 780 1759; x_wconf 88' lang='lat' dir='ltr'><strong>dequibus</strong></span> <span class='ocrx_word' id='word_1_69' title='bbox 803 1641 957 1726; x_wconf 88' lang='lat' dir='ltr'><strong>tercium</strong></span> <span class='ocrx_word' id='word_1_70' title='bbox 979 1640 1171 1740; x_wconf 79' lang='lat' dir='ltr'><strong>denarium</strong></span> <span class='ocrx_word' id='word_1_71' title='bbox 1193 1635 1400 1741; x_wconf 89' lang='lat' dir='ltr'><strong>habebunt,</strong></span> <span class='ocrx_word' id='word_1_72' title='bbox 1432 1637 1582 1726; x_wconf 89' lang='lat' dir='ltr'><strong>duobus</strong></span> <span class='ocrx_word' id='word_1_73' title='bbox 1603 1668 1671 1755; x_wconf 92' lang='lat' dir='ltr'><strong>pro</strong></span> <span class='ocrx_word' id='word_1_74' title='bbox 1694 1638 1803 1728; x_wconf 92' lang='lat' dir='ltr'><strong>nobis</strong></span> <span class='ocrx_word' id='word_1_75' title='bbox 1831 1669 2008 1728; x_wconf 89' lang='lat' dir='ltr'><strong>reserua-</strong></span> 
     </span>
     <span class='ocr_line' id='line_1_9' title="bbox 381 1755 2008 1876; baseline -0.001 -29"><span class='ocrx_word' id='word_1_76' title='bbox 381 1761 439 1847; x_wconf 84' lang='lat' dir='ltr'><strong>h&#39;s.</strong></span> <span class='ocrx_word' id='word_1_77' title='bbox 500 1755 654 1844; x_wconf 88' lang='lat' dir='ltr'><strong>Ecciam</strong></span> <span class='ocrx_word' id='word_1_78' title='bbox 681 1757 779 1844; x_wconf 86' lang='lat' dir='ltr'><strong>idem</strong></span> <span class='ocrx_word' id='word_1_79' title='bbox 800 1757 1024 1845; x_wconf 81' lang='lat' dir='ltr'><strong>Advocatus</strong></span> <span class='ocrx_word' id='word_1_80' title='bbox 1054 1757 1206 1846; x_wconf 88' lang='lat' dir='ltr'><strong>habehit</strong></span> <span class='ocrx_word' id='word_1_81' title='bbox 1233 1769 1269 1842; x_wconf 92' lang='lat' dir='ltr'><strong>et</strong></span> <span class='ocrx_word' id='word_1_82' title='bbox 1291 1755 1471 1876; x_wconf 89' lang='lat' dir='ltr'><strong>percipiet</strong></span> <span class='ocrx_word' id='word_1_83' title='bbox 1491 1758 1614 1844; x_wconf 91' lang='lat' dir='ltr'><strong>omnia</strong></span> <span class='ocrx_word' id='word_1_84' title='bbox 1629 1759 1854 1874; x_wconf 87' lang='lat' dir='ltr'><strong>juramenta.</strong></span> <span class='ocrx_word' id='word_1_85' title='bbox 1915 1758 2008 1846; x_wconf 91' lang='lat' dir='ltr'><strong>ltem</strong></span> 
     </span>
     <span class='ocr_line' id='line_1_10' title="bbox 381 1873 2007 1996; baseline -0.001 -31"><span class='ocrx_word' id='word_1_86' title='bbox 381 1875 614 1965; x_wconf 89' lang='lat' dir='ltr'><strong>absoluimus</strong></span> <span class='ocrx_word' id='word_1_87' title='bbox 636 1890 672 1962; x_wconf 92' lang='lat' dir='ltr'><strong>et</strong></span> <span class='ocrx_word' id='word_1_88' title='bbox 692 1875 894 1962; x_wconf 82' lang='lat' dir='ltr'><strong>liberamus</strong></span> <span class='ocrx_word' id='word_1_89' title='bbox 917 1875 1077 1962; x_wconf 90' lang='lat' dir='ltr'><strong>eundem</strong></span> <span class='ocrx_word' id='word_1_90' title='bbox 1094 1875 1332 1963; x_wconf 82' lang='lat' dir='ltr'><strong>Aduocatum</strong></span> <span class='ocrx_word' id='word_1_91' title='bbox 1354 1887 1659 1966; x_wconf 85' lang='lat' dir='ltr'><strong>etsuccessores</strong></span> <span class='ocrx_word' id='word_1_92' title='bbox 1681 1905 1773 1962; x_wconf 92' lang='lat' dir='ltr'><strong>suos</strong></span> <span class='ocrx_word' id='word_1_93' title='bbox 1794 1873 2007 1996; x_wconf 87' lang='lat' dir='ltr'><strong>legittimos,</strong></span> 
     </span>
     <span class='ocr_line' id='line_1_11' title="bbox 381 1992 2008 2109; baseline -0.001 -25"><span class='ocrx_word' id='word_1_94' title='bbox 381 2025 454 2084; x_wconf 87' lang='lat' dir='ltr'><strong>neo</strong></span> <span class='ocrx_word' id='word_1_95' title='bbox 483 2023 559 2080; x_wconf 95' lang='lat' dir='ltr'><strong>non</strong></span> <span class='ocrx_word' id='word_1_96' title='bbox 586 1993 690 2082; x_wconf 90' lang='lat' dir='ltr'><strong>ciues</strong></span> <span class='ocrx_word' id='word_1_97' title='bbox 719 1992 888 2109; x_wconf 87' lang='lat' dir='ltr'><strong>ejusdem</strong></span> <span class='ocrx_word' id='word_1_98' title='bbox 922 1997 1082 2086; x_wconf 80' lang='lat' dir='ltr'><strong>ciuitatis</strong></span> <span class='ocrx_word' id='word_1_99' title='bbox 1112 1993 1350 2100; x_wconf 77' lang='lat' dir='ltr'><strong>Beestensis,</strong></span> <span class='ocrx_word' id='word_1_100' title='bbox 1382 2008 1420 2080; x_wconf 91' lang='lat' dir='ltr'><strong>et</strong></span> <span class='ocrx_word' id='word_1_101' title='bbox 1439 2023 1572 2082; x_wconf 91' lang='lat' dir='ltr'><strong>omnes</strong></span> <span class='ocrx_word' id='word_1_102' title='bbox 1601 1992 1823 2082; x_wconf 89' lang='lat' dir='ltr'><strong>kmethones</strong></span> <span class='ocrx_word' id='word_1_103' title='bbox 1844 1995 1893 2084; x_wconf 93' lang='lat' dir='ltr'><strong>de</strong></span> <span class='ocrx_word' id='word_1_104' title='bbox 1912 1995 2008 2084; x_wconf 88' lang='lat' dir='ltr'><strong>villis</strong></span> 
     </span>
     <span class='ocr_line' id='line_1_12' title="bbox 293 2110 2008 2230; baseline 0 -30"><span class='ocrx_word' id='word_1_105' title='bbox 293 2181 298 2188; x_wconf 88' lang='lat'><em>.</em></span> <span class='ocrx_word' id='word_1_106' title='bbox 379 2119 629 2200; x_wconf 78' lang='lat' dir='ltr'><strong>Pilchutltoeoo</strong></span> <span class='ocrx_word' id='word_1_107' title='bbox 651 2125 689 2198; x_wconf 86' lang='lat' dir='ltr'><strong>et</strong></span> <span class='ocrx_word' id='word_1_108' title='bbox 714 2117 870 2200; x_wconf 72' lang='lat' dir='ltr'><strong>Gothico</strong></span> <span class='ocrx_word' id='word_1_109' title='bbox 891 2111 964 2224; x_wconf 81' lang='lat'><strong>(³),</strong></span> <span class='ocrx_word' id='word_1_110' title='bbox 987 2114 1257 2230; x_wconf 87' lang='lat' dir='ltr'><strong>pertinentibus</strong></span> <span class='ocrx_word' id='word_1_111' title='bbox 1277 2112 1327 2199; x_wconf 89' lang='lat' dir='ltr'><strong>ad</strong></span> <span class='ocrx_word' id='word_1_112' title='bbox 1345 2110 1505 2201; x_wconf 85' lang='lat' dir='ltr'><strong>eandem</strong></span> <span class='ocrx_word' id='word_1_113' title='bbox 1526 2113 1732 2222; x_wconf 88' lang='lat' dir='ltr'><strong>civitatem,</strong></span> <span class='ocrx_word' id='word_1_114' title='bbox 1764 2113 1814 2200; x_wconf 88' lang='lat' dir='ltr'><strong>ab</strong></span> <span class='ocrx_word' id='word_1_115' title='bbox 1835 2115 2008 2202; x_wconf 90' lang='lat' dir='ltr'><strong>omnibus</strong></span> 
     </span>
     <span class='ocr_line' id='line_1_13' title="bbox 376 2230 2008 2351; baseline 0.002 -35"><span class='ocrx_word' id='word_1_116' title='bbox 376 2230 530 2351; x_wconf 83' lang='lat' dir='ltr'><strong>judicijs</strong></span> <span class='ocrx_word' id='word_1_117' title='bbox 560 2245 597 2317; x_wconf 90' lang='lat' dir='ltr'><strong>et</strong></span> <span class='ocrx_word' id='word_1_118' title='bbox 623 2230 932 2346; x_wconf 86' lang='lat' dir='ltr'><strong>jurisdicionibus</strong></span> <span class='ocrx_word' id='word_1_119' title='bbox 974 2233 1136 2318; x_wconf 90' lang='lat' dir='ltr'><strong>omnium</strong></span> <span class='ocrx_word' id='word_1_120' title='bbox 1175 2230 1455 2348; x_wconf 88' lang='lat' dir='ltr'><strong>pallatinorum,</strong></span> <span class='ocrx_word' id='word_1_121' title='bbox 1496 2230 1804 2336; x_wconf 85' lang='lat' dir='ltr'><strong>castellanorum,</strong></span> <span class='ocrx_word' id='word_1_122' title='bbox 1841 2231 2008 2348; x_wconf 89' lang='lat' dir='ltr'><strong>judicum</strong></span> 
     </span>
     <span class='ocr_line' id='line_1_14' title="bbox 382 2347 2100 2468; baseline 0.002 -34"><span class='ocrx_word' id='word_1_123' title='bbox 382 2364 421 2436; x_wconf 93' lang='lat' dir='ltr'><strong>et</strong></span> <span class='ocrx_word' id='word_1_124' title='bbox 449 2347 698 2461; x_wconf 88' lang='lat' dir='ltr'><strong>quorumlibet</strong></span> <span class='ocrx_word' id='word_1_125' title='bbox 727 2347 963 2466; x_wconf 86' lang='lat' dir='ltr'><strong>subjudicum</strong></span> <span class='ocrx_word' id='word_1_126' title='bbox 985 2348 1115 2468; x_wconf 82' lang='lat' dir='ltr'><strong>Regni</strong></span> <span class='ocrx_word' id='word_1_127' title='bbox 1143 2351 1280 2453; x_wconf 87' lang='lat' dir='ltr'><strong>nostri,</strong></span> <span class='ocrx_word' id='word_1_128' title='bbox 1310 2349 1371 2452; x_wconf 89' lang='lat' dir='ltr'><strong>ita,</strong></span> <span class='ocrx_word' id='word_1_129' title='bbox 1392 2347 1494 2461; x_wconf 92' lang='lat' dir='ltr'><strong>quod</strong></span> <span class='ocrx_word' id='word_1_130' title='bbox 1524 2378 1653 2437; x_wconf 83' lang='lat' dir='ltr'><strong>eoram</strong></span> <span class='ocrx_word' id='word_1_131' title='bbox 1684 2349 1775 2466; x_wconf 92' lang='lat' dir='ltr'><strong>ipsis</strong></span> <span class='ocrx_word' id='word_1_132' title='bbox 1796 2351 1856 2435; x_wconf 92' lang='lat' dir='ltr'><strong>vel</strong></span> <span class='ocrx_word' id='word_1_133' title='bbox 1877 2379 2009 2438; x_wconf 90' lang='lat' dir='ltr'><strong>eorum</strong></span> <span class='ocrx_word' id='word_1_134' title='bbox 2092 2451 2100 2462; x_wconf 35' lang='grc'><strong><em>,</em></strong></span> 
     </span>
     <span class='ocr_line' id='line_1_15' title="bbox 380 2465 2009 2600; baseline 0.002 -47"><span class='ocrx_word' id='word_1_135' title='bbox 380 2466 519 2585; x_wconf 88' lang='lat' dir='ltr'><strong>aliquo,</strong></span> <span class='ocrx_word' id='word_1_136' title='bbox 537 2495 607 2583; x_wconf 92' lang='lat' dir='ltr'><strong>pro</strong></span> <span class='ocrx_word' id='word_1_137' title='bbox 624 2467 750 2552; x_wconf 89' lang='lat' dir='ltr'><strong>causis</strong></span> <span class='ocrx_word' id='word_1_138' title='bbox 768 2465 951 2569; x_wconf 92' lang='lat' dir='ltr'><strong>omnibus,</strong></span> <span class='ocrx_word' id='word_1_139' title='bbox 968 2479 1042 2566; x_wconf 89' lang='lat' dir='ltr'><strong>tam</strong></span> <span class='ocrx_word' id='word_1_140' title='bbox 1059 2467 1281 2582; x_wconf 85' lang='lat' dir='ltr'><strong>capitalibus</strong></span> <span class='ocrx_word' id='word_1_141' title='bbox 1299 2495 1410 2600; x_wconf 86' lang='lat' dir='ltr'><strong>quam</strong></span> <span class='ocrx_word' id='word_1_142' title='bbox 1427 2465 1688 2562; x_wconf 75' lang='lat' dir='ltr'><strong>criminalibus</strong></span> <span class='ocrx_word' id='word_1_143' title='bbox 1700 2481 1800 2581; x_wconf 89' lang='lat' dir='ltr'><strong>puta:</strong></span> <span class='ocrx_word' id='word_1_144' title='bbox 1815 2469 1910 2574; x_wconf 87' lang='lat' dir='ltr'><strong>lorti,</strong></span> <span class='ocrx_word' id='word_1_145' title='bbox 1919 2499 2009 2557; x_wconf 88' lang='lat' dir='ltr'><strong>san·</strong></span> 
     </span>
    </p>
   </div>
   <div class='ocr_carea' id='block_1_3' title="bbox 384 2582 2172 2705">
    <p class='ocr_par' dir='ltr' id='par_1_3' title="bbox 384 2582 2172 2705">
     <span class='ocr_line' id='line_1_16' title="bbox 384 2582 2172 2705; baseline 0.001 -35"><span class='ocrx_word' id='word_1_146' title='bbox 384 2585 544 2705; x_wconf 85' lang='lat' dir='ltr'><strong>gwtnis,</strong></span> <span class='ocrx_word' id='word_1_147' title='bbox 575 2582 780 2700; x_wconf 90' lang='lat' dir='ltr'><strong>homicidij,</strong></span> <span class='ocrx_word' id='word_1_148' title='bbox 812 2583 972 2700; x_wconf 89' lang='lat' dir='ltr'><strong>incendij</strong></span> <span class='ocrx_word' id='word_1_149' title='bbox 995 2596 1032 2675; x_wconf 89' lang='lat' dir='ltr'><strong>et</strong></span> <span class='ocrx_word' id='word_1_150' title='bbox 1051 2582 1134 2701; x_wconf 88' lang='lat' dir='ltr'><strong>alijs</strong></span> <span class='ocrx_word' id='word_1_151' title='bbox 1155 2585 1340 2670; x_wconf 81' lang='lat' dir='ltr'><strong>universus</strong></span> <span class='ocrx_word' id='word_1_152' title='bbox 1361 2583 1507 2670; x_wconf 91' lang='lat' dir='ltr'><strong>minime</strong></span> <span class='ocrx_word' id='word_1_153' title='bbox 1527 2584 1826 2699; x_wconf 85' lang='lat' dir='ltr'><strong>respondebunt,</strong></span> <span class='ocrx_word' id='word_1_154' title='bbox 1859 2587 2010 2674; x_wconf 88' lang='lat' dir='ltr'><strong>nisico·</strong></span> <span class='ocrx_word' id='word_1_155' title='bbox 2130 2639 2136 2646; x_wconf 93' lang='lat'>·</span> <span class='ocrx_word' id='word_1_156' title='bbox 2168 2665 2172 2672; x_wconf 90' lang='lat'>.</span> 
     </span>
    </p>
   </div>
   <div class='ocr_carea' id='block_1_4' title="bbox 274 2699 2135 4711">
    <p class='ocr_par' dir='ltr' id='par_1_4' title="bbox 343 2699 2135 4355">
     <span class='ocr_line' id='line_1_17' title="bbox 381 2699 2009 2818; baseline 0 -28"><span class='ocrx_word' id='word_1_157' title='bbox 381 2733 463 2790; x_wconf 93' lang='lat' dir='ltr'><strong>ram</strong></span> <span class='ocrx_word' id='word_1_158' title='bbox 486 2699 655 2818; x_wconf 91' lang='lat' dir='ltr'><strong>predicto</strong></span> <span class='ocrx_word' id='word_1_159' title='bbox 676 2701 916 2804; x_wconf 88' lang='lat' dir='ltr'><strong>Thomassio,</strong></span> <span class='ocrx_word' id='word_1_160' title='bbox 938 2730 1008 2789; x_wconf 93' lang='lat' dir='ltr'><strong>suo</strong></span> <span class='ocrx_word' id='word_1_161' title='bbox 1029 2701 1240 2805; x_wconf 89' lang='lat' dir='ltr'><strong>advocato,</strong></span> <span class='ocrx_word' id='word_1_162' title='bbox 1255 2701 1342 2818; x_wconf 88' lang='lat' dir='ltr'><strong>jure</strong></span> <span class='ocrx_word' id='word_1_163' title='bbox 1367 2700 1626 2808; x_wconf 84' lang='lat' dir='ltr'><strong>theuthonico,</strong></span> <span class='ocrx_word' id='word_1_164' title='bbox 1658 2730 1733 2817; x_wconf 90' lang='lat' dir='ltr'><strong>quo</strong></span> <span class='ocrx_word' id='word_1_165' title='bbox 1764 2700 1896 2788; x_wconf 88' lang='lat' dir='ltr'><strong>endem</strong></span> <span class='ocrx_word' id='word_1_166' title='bbox 1918 2705 2009 2790; x_wconf 83' lang='lat' dir='ltr'><strong>oiri-</strong></span> 
     </span>
     <span class='ocr_line' id='line_1_18' title="bbox 382 2818 2009 2924; baseline -0.001 -15"><span class='ocrx_word' id='word_1_167' title='bbox 382 2835 441 2909; x_wconf 89' lang='lat' dir='ltr'><strong>tas</strong></span> <span class='ocrx_word' id='word_1_168' title='bbox 473 2819 694 2910; x_wconf 90' lang='lat' dir='ltr'><strong>Brestensis</strong></span> <span class='ocrx_word' id='word_1_169' title='bbox 730 2835 789 2908; x_wconf 89' lang='lat' dir='ltr'><strong>est</strong></span> <span class='ocrx_word' id='word_1_170' title='bbox 823 2819 960 2916; x_wconf 85' lang='lat' dir='ltr'><strong>locata.</strong></span> <span class='ocrx_word' id='word_1_171' title='bbox 1021 2818 1260 2910; x_wconf 78' lang='lat' dir='ltr'><strong>Advocatus&#39;</strong></span> <span class='ocrx_word' id='word_1_172' title='bbox 1281 2847 1374 2908; x_wconf 84' lang='lat' dir='ltr'><strong>vero</strong></span> <span class='ocrx_word' id='word_1_173' title='bbox 1410 2849 1485 2906; x_wconf 90' lang='lat' dir='ltr'><strong>non</strong></span> <span class='ocrx_word' id='word_1_174' title='bbox 1505 2819 1612 2924; x_wconf 86' lang='lat' dir='ltr'><strong>alias,</strong></span> <span class='ocrx_word' id='word_1_175' title='bbox 1642 2820 1712 2906; x_wconf 90' lang='lat' dir='ltr'><strong>nisi</strong></span> <span class='ocrx_word' id='word_1_176' title='bbox 1734 2831 1857 2908; x_wconf 88' lang='lat' dir='ltr'><strong>tamen</strong></span> <span class='ocrx_word' id='word_1_177' title='bbox 1880 2851 2009 2908; x_wconf 87' lang='lat' dir='ltr'><strong>coram</strong></span> 
     </span>
     <span class='ocr_line' id='line_1_19' title="bbox 343 2936 2009 3060; baseline 0.002 -35"><span class='ocrx_word' id='word_1_178' title='bbox 343 2937 491 3026; x_wconf 63' lang='lat' dir='ltr'><strong>‘nobis</strong></span> <span class='ocrx_word' id='word_1_179' title='bbox 513 2951 578 3024; x_wconf 87' lang='lat' dir='ltr'><strong>aut</strong></span> <span class='ocrx_word' id='word_1_180' title='bbox 608 2938 820 3056; x_wconf 89' lang='lat' dir='ltr'><strong>Capitaneo</strong></span> <span class='ocrx_word' id='word_1_181' title='bbox 849 2951 981 3026; x_wconf 91' lang='lat' dir='ltr'><strong>nostro</strong></span> <span class='ocrx_word' id='word_1_182' title='bbox 1012 2951 1111 3026; x_wconf 92' lang='lat' dir='ltr'><strong>terre</strong></span> <span class='ocrx_word' id='word_1_183' title='bbox 1140 2939 1329 3055; x_wconf 88' lang='lat' dir='ltr'><strong>Cuyauie,</strong></span> <span class='ocrx_word' id='word_1_184' title='bbox 1360 2936 1449 3024; x_wconf 92' lang='lat' dir='ltr'><strong>dum</strong></span> <span class='ocrx_word' id='word_1_185' title='bbox 1478 2967 1548 3054; x_wconf 88' lang='lat' dir='ltr'><strong>per</strong></span> <span class='ocrx_word' id='word_1_186' title='bbox 1568 2937 1711 3024; x_wconf 81' lang='lat' dir='ltr'><strong>literam</strong></span> <span class='ocrx_word' id='word_1_187' title='bbox 1732 2953 1863 3027; x_wconf 90' lang='lat' dir='ltr'><strong>nostro</strong></span> <span class='ocrx_word' id='word_1_188' title='bbox 1884 2941 2009 3060; x_wconf 89' lang='lat' dir='ltr'><strong>sigillo</strong></span> 
     </span>
     <span class='ocr_line' id='line_1_20' title="bbox 383 3055 2009 3172; baseline 0.005 -32"><span class='ocrx_word' id='word_1_189' title='bbox 383 3057 560 3142; x_wconf 91' lang='lat' dir='ltr'><strong>munitam</strong></span> <span class='ocrx_word' id='word_1_190' title='bbox 580 3071 753 3144; x_wconf 86' lang='lat' dir='ltr'><strong>wocatus</strong></span> <span class='ocrx_word' id='word_1_191' title='bbox 774 3056 898 3161; x_wconf 88' lang='lat' dir='ltr'><strong>luerit,</strong></span> <span class='ocrx_word' id='word_1_192' title='bbox 930 3071 1018 3143; x_wconf 87' lang='lat' dir='ltr'><strong>tunc</strong></span> <span class='ocrx_word' id='word_1_193' title='bbox 1039 3055 1087 3143; x_wconf 92' lang='lat' dir='ltr'><strong>de</strong></span> <span class='ocrx_word' id='word_1_194' title='bbox 1108 3079 1151 3143; x_wconf 89' lang='lat' dir='ltr'><strong>se</strong></span> <span class='ocrx_word' id='word_1_195' title='bbox 1199 3055 1468 3160; x_wconf 82' lang='lat' dir='ltr'><strong>aemulantibus,</strong></span> <span class='ocrx_word' id='word_1_196' title='bbox 1499 3085 1575 3144; x_wconf 91' lang='lat' dir='ltr'><strong>non</strong></span> <span class='ocrx_word' id='word_1_197' title='bbox 1596 3056 1703 3144; x_wconf 88' lang='lat' dir='ltr'><strong>aliter</strong></span> <span class='ocrx_word' id='word_1_198' title='bbox 1724 3071 1865 3166; x_wconf 90' lang='lat' dir='ltr'><strong>tamen,</strong></span> <span class='ocrx_word' id='word_1_199' title='bbox 1898 3087 2009 3172; x_wconf 88' lang='lat' dir='ltr'><strong>quam</strong></span> 
     </span>
     <span class='ocr_line' id='line_1_21' title="bbox 382 3087 2010 3294; baseline 0.003 -32"><span class='ocrx_word' id='word_1_200' title='bbox 382 3194 454 3262; x_wconf 89' lang='lat' dir='ltr'><strong>suo</strong></span> <span class='ocrx_word' id='word_1_201' title='bbox 469 3175 557 3292; x_wconf 89' lang='lat' dir='ltr'><strong>jure</strong></span> <span class='ocrx_word' id='word_1_202' title='bbox 587 3173 828 3262; x_wconf 82' lang='lat' dir='ltr'><strong>theuthonico</strong></span> <span class='ocrx_word' id='word_1_203' title='bbox 858 3173 1114 3292; x_wconf 87' lang='lat' dir='ltr'><strong>respondebit.</strong></span> <span class='ocrx_word' id='word_1_204' title='bbox 1172 3087 1415 3262; x_wconf 73' lang='lat' dir='ltr'><strong>hdmittimus</strong></span> <span class='ocrx_word' id='word_1_205' title='bbox 1441 3175 1593 3294; x_wconf 87' lang='lat' dir='ltr'><strong>insuper</strong></span> <span class='ocrx_word' id='word_1_206' title='bbox 1611 3175 1731 3264; x_wconf 86' lang='lat' dir='ltr'><strong>eidem</strong></span> <span class='ocrx_word' id='word_1_207' title='bbox 1758 3175 1947 3264; x_wconf 88' lang='lat' dir='ltr'><strong>advocato</strong></span> <span class='ocrx_word' id='word_1_208' title='bbox 1974 3195 2010 3267; x_wconf 94' lang='lat' dir='ltr'><strong>et</strong></span> 
     </span>
     <span class='ocr_line' id='line_1_22' title="bbox 382 3291 2009 3412; baseline 0.002 -32"><span class='ocrx_word' id='word_1_209' title='bbox 382 3293 461 3380; x_wconf 89' lang='lat' dir='ltr'><strong>suis</strong></span> <span class='ocrx_word' id='word_1_210' title='bbox 484 3293 646 3410; x_wconf 87' lang='lat' dir='ltr'><strong>posteris</strong></span> <span class='ocrx_word' id='word_1_211' title='bbox 660 3293 829 3412; x_wconf 88' lang='lat' dir='ltr'><strong>jumenta</strong></span> <span class='ocrx_word' id='word_1_212' title='bbox 850 3305 888 3378; x_wconf 91' lang='lat' dir='ltr'><strong>et</strong></span> <span class='ocrx_word' id='word_1_213' title='bbox 908 3291 1088 3409; x_wconf 88' lang='lat' dir='ltr'><strong>poledros</strong></span> <span class='ocrx_word' id='word_1_214' title='bbox 1108 3322 1271 3411; x_wconf 88' lang='lat' dir='ltr'><strong>pascere</strong></span> <span class='ocrx_word' id='word_1_215' title='bbox 1293 3308 1330 3380; x_wconf 91' lang='lat' dir='ltr'><strong>et</strong></span> <span class='ocrx_word' id='word_1_216' title='bbox 1349 3322 1522 3406; x_wconf 79' lang='lat' dir='ltr'><strong>seruare,</strong></span> <span class='ocrx_word' id='word_1_217' title='bbox 1544 3297 1626 3382; x_wconf 90' lang='lat' dir='ltr'><strong>sine</strong></span> <span class='ocrx_word' id='word_1_218' title='bbox 1646 3291 1854 3412; x_wconf 88' lang='lat' dir='ltr'><strong>prejudicio</strong></span> <span class='ocrx_word' id='word_1_219' title='bbox 1876 3297 2009 3386; x_wconf 89' lang='lat' dir='ltr'><strong>civium</strong></span> 
     </span>
     <span class='ocr_line' id='line_1_23' title="bbox 381 3409 2009 3528; baseline 0.006 -32"><span class='ocrx_word' id='word_1_220' title='bbox 381 3423 494 3528; x_wconf 89' lang='lat' dir='ltr'><strong>atque</strong></span> <span class='ocrx_word' id='word_1_221' title='bbox 516 3409 666 3498; x_wconf 90' lang='lat' dir='ltr'><strong>damno.</strong></span> <span class='ocrx_word' id='word_1_222' title='bbox 725 3409 817 3499; x_wconf 90' lang='lat' dir='ltr'><strong>ltem</strong></span> <span class='ocrx_word' id='word_1_223' title='bbox 848 3412 880 3498; x_wconf 92' lang='lat' dir='ltr'><strong>si</strong></span> <span class='ocrx_word' id='word_1_224' title='bbox 910 3443 1085 3528; x_wconf 91' lang='lat' dir='ltr'><strong>umquam</strong></span> <span class='ocrx_word' id='word_1_225' title='bbox 1115 3413 1352 3528; x_wconf 89' lang='lat' dir='ltr'><strong>contingeret</strong></span> <span class='ocrx_word' id='word_1_226' title='bbox 1371 3441 1443 3498; x_wconf 93' lang='lat' dir='ltr'><strong>nos</strong></span> <span class='ocrx_word' id='word_1_227' title='bbox 1463 3409 1657 3500; x_wconf 89' lang='lat' dir='ltr'><strong>lllonetam</strong></span> <span class='ocrx_word' id='word_1_228' title='bbox 1677 3414 1713 3498; x_wconf 95' lang='lat' dir='ltr'><strong>in</strong></span> <span class='ocrx_word' id='word_1_229' title='bbox 1736 3427 1833 3500; x_wconf 89' lang='lat' dir='ltr'><strong>terra</strong></span> <span class='ocrx_word' id='word_1_230' title='bbox 1856 3412 2009 3506; x_wconf 87' lang='lat' dir='ltr'><strong>Cniavie</strong></span> 
     </span>
     <span class='ocr_line' id='line_1_24' title="bbox 382 3527 2051 3650; baseline 0.004 -36"><span class='ocrx_word' id='word_1_231' title='bbox 382 3541 543 3634; x_wconf 91' lang='lat' dir='ltr'><strong>mutare,</strong></span> <span class='ocrx_word' id='word_1_232' title='bbox 576 3543 664 3622; x_wconf 88' lang='lat' dir='ltr'><strong>luno</strong></span> <span class='ocrx_word' id='word_1_233' title='bbox 685 3529 883 3618; x_wconf 86' lang='lat' dir='ltr'><strong>carnilioes</strong></span> <span class='ocrx_word' id='word_1_234' title='bbox 905 3529 1072 3648; x_wconf 88' lang='lat' dir='ltr'><strong>ejusdem</strong></span> <span class='ocrx_word' id='word_1_235' title='bbox 1095 3527 1285 3618; x_wconf 85' lang='lat' dir='ltr'><strong>Advocati</strong></span> <span class='ocrx_word' id='word_1_236' title='bbox 1318 3543 1356 3616; x_wconf 92' lang='lat' dir='ltr'><strong>et</strong></span> <span class='ocrx_word' id='word_1_237' title='bbox 1382 3559 1514 3616; x_wconf 86' lang='lat' dir='ltr'><strong>omnes</strong></span> <span class='ocrx_word' id='word_1_238' title='bbox 1535 3529 1718 3636; x_wconf 83' lang='lat' dir='ltr'><strong>artifices,</strong></span> <span class='ocrx_word' id='word_1_239' title='bbox 1749 3560 1821 3649; x_wconf 90' lang='lat' dir='ltr'><strong>pro</strong></span> <span class='ocrx_word' id='word_1_240' title='bbox 1843 3531 2011 3650; x_wconf 91' lang='lat' dir='ltr'><strong>qualibet</strong></span> <span class='ocrx_word' id='word_1_241' title='bbox 2049 3527 2051 3531; x_wconf 58' lang='grc'><strong>’</strong></span> 
     </span>
     <span class='ocr_line' id='line_1_25' title="bbox 382 3647 2011 3771; baseline 0.004 -39"><span class='ocrx_word' id='word_1_242' title='bbox 382 3675 511 3733; x_wconf 90' lang='lat' dir='ltr'><strong>marea</strong></span> <span class='ocrx_word' id='word_1_243' title='bbox 540 3660 618 3734; x_wconf 90' lang='lat' dir='ltr'><strong>tres</strong></span> <span class='ocrx_word' id='word_1_244' title='bbox 647 3647 813 3736; x_wconf 89' lang='lat' dir='ltr'><strong>lertones</strong></span> <span class='ocrx_word' id='word_1_245' title='bbox 843 3676 1066 3768; x_wconf 91' lang='lat' dir='ltr'><strong>grossorum</strong></span> <span class='ocrx_word' id='word_1_246' title='bbox 1096 3649 1352 3768; x_wconf 84' lang='lat' dir='ltr'><strong>pragensium,</strong></span> <span class='ocrx_word' id='word_1_247' title='bbox 1382 3647 1525 3735; x_wconf 88' lang='lat' dir='ltr'><strong>scilicet</strong></span> <span class='ocrx_word' id='word_1_248' title='bbox 1553 3647 1728 3768; x_wconf 86' lang='lat' dir='ltr'><strong>trigintha</strong></span> <span class='ocrx_word' id='word_1_249' title='bbox 1757 3680 1826 3736; x_wconf 88' lang='lat' dir='ltr'><strong>sex</strong></span> <span class='ocrx_word' id='word_1_250' title='bbox 1847 3681 2011 3771; x_wconf 81' lang='lat' dir='ltr'><strong>grossos</strong></span> 
     </span>
     <span class='ocr_line' id='line_1_26' title="bbox 382 3763 2011 3886; baseline 0.002 -34"><span class='ocrx_word' id='word_1_251' title='bbox 382 3763 453 3852; x_wconf 89' lang='lat' dir='ltr'><strong>sibi</strong></span> <span class='ocrx_word' id='word_1_252' title='bbox 470 3763 619 3852; x_wconf 88' lang='lat' dir='ltr'><strong>soluere</strong></span> <span class='ocrx_word' id='word_1_253' title='bbox 634 3767 868 3854; x_wconf 87' lang='lat' dir='ltr'><strong>tenebuntur.</strong></span> <span class='ocrx_word' id='word_1_254' title='bbox 900 3764 1085 3853; x_wconf 90' lang='lat' dir='ltr'><strong>Volumus</strong></span> <span class='ocrx_word' id='word_1_255' title='bbox 1102 3769 1254 3876; x_wconf 90' lang='lat' dir='ltr'><strong>ecciam,</strong></span> <span class='ocrx_word' id='word_1_256' title='bbox 1271 3763 1374 3886; x_wconf 92' lang='lat' dir='ltr'><strong>quod</strong></span> <span class='ocrx_word' id='word_1_257' title='bbox 1395 3767 1498 3854; x_wconf 88' lang='lat' dir='ltr'><strong>ciues</strong></span> <span class='ocrx_word' id='word_1_258' title='bbox 1519 3781 1557 3854; x_wconf 90' lang='lat' dir='ltr'><strong>et</strong></span> <span class='ocrx_word' id='word_1_259' title='bbox 1576 3767 1754 3856; x_wconf 91' lang='lat' dir='ltr'><strong>consules</strong></span> <span class='ocrx_word' id='word_1_260' title='bbox 1772 3769 1939 3886; x_wconf 80' lang='lat' dir='ltr'><strong>ejusdem</strong></span> <span class='ocrx_word' id='word_1_261' title='bbox 1962 3771 2011 3856; x_wconf 89' lang='lat' dir='ltr'><strong>ci-</strong></span> 
     </span>
     <span class='ocr_line' id='line_1_27' title="bbox 382 3881 2010 3991; baseline 0.003 -23"><span class='ocrx_word' id='word_1_262' title='bbox 382 3881 506 3970; x_wconf 88' lang='lat' dir='ltr'><strong>vitatis</strong></span> <span class='ocrx_word' id='word_1_263' title='bbox 534 3881 772 3991; x_wconf 89' lang='lat' dir='ltr'><strong>Brestensis,</strong></span> <span class='ocrx_word' id='word_1_264' title='bbox 805 3882 925 3974; x_wconf 90' lang='lat' dir='ltr'><strong>nullas</strong></span> <span class='ocrx_word' id='word_1_265' title='bbox 953 3885 1140 3972; x_wconf 85' lang='lat' dir='ltr'><strong>nouitates</strong></span> <span class='ocrx_word' id='word_1_266' title='bbox 1161 3917 1230 3975; x_wconf 89' lang='lat' dir='ltr'><strong>seu</strong></span> <span class='ocrx_word' id='word_1_267' title='bbox 1251 3885 1535 3974; x_wconf 92' lang='lat' dir='ltr'><strong>constitutiones</strong></span> <span class='ocrx_word' id='word_1_268' title='bbox 1556 3887 1767 3974; x_wconf 84' lang='lat' dir='ltr'><strong>contrarias</strong></span> <span class='ocrx_word' id='word_1_269' title='bbox 1797 3900 1833 3972; x_wconf 90' lang='lat' dir='ltr'><strong>et</strong></span> <span class='ocrx_word' id='word_1_270' title='bbox 1854 3887 2010 3974; x_wconf 88' lang='lat' dir='ltr'><strong>nocivas</strong></span> 
     </span>
     <span class='ocr_line' id='line_1_28' title="bbox 382 4001 2011 4121; baseline 0.002 -33"><span class='ocrx_word' id='word_1_271' title='bbox 382 4001 538 4108; x_wconf 84' lang='lat' dir='ltr'><strong>iaciant,</strong></span> <span class='ocrx_word' id='word_1_272' title='bbox 565 4003 647 4088; x_wconf 91' lang='lat' dir='ltr'><strong>sine</strong></span> <span class='ocrx_word' id='word_1_273' title='bbox 668 4031 857 4090; x_wconf 90' lang='lat' dir='ltr'><strong>consensu</strong></span> <span class='ocrx_word' id='word_1_274' title='bbox 880 4001 1068 4092; x_wconf 84' lang='lat' dir='ltr'><strong>advocati.</strong></span> <span class='ocrx_word' id='word_1_275' title='bbox 1101 4001 1284 4092; x_wconf 86' lang='lat' dir='ltr'><strong>Preterea</strong></span> <span class='ocrx_word' id='word_1_276' title='bbox 1304 4005 1519 4104; x_wconf 90' lang='lat' dir='ltr'><strong>statuimus,</strong></span> <span class='ocrx_word' id='word_1_277' title='bbox 1552 4004 1654 4121; x_wconf 92' lang='lat' dir='ltr'><strong>quod</strong></span> <span class='ocrx_word' id='word_1_278' title='bbox 1680 4003 1777 4090; x_wconf 93' lang='lat' dir='ltr'><strong>idem</strong></span> <span class='ocrx_word' id='word_1_279' title='bbox 1799 4001 2011 4092; x_wconf 88' lang='lat' dir='ltr'><strong>advocatus</strong></span> 
     </span>
     <span class='ocr_line' id='line_1_29' title="bbox 382 4117 2008 4240; baseline 0.002 -35"><span class='ocrx_word' id='word_1_280' title='bbox 382 4131 420 4205; x_wconf 90' lang='lat' dir='ltr'><strong>et</strong></span> <span class='ocrx_word' id='word_1_281' title='bbox 441 4119 498 4206; x_wconf 91' lang='lat' dir='ltr'><strong>sui</strong></span> <span class='ocrx_word' id='word_1_282' title='bbox 520 4118 661 4234; x_wconf 90' lang='lat' dir='ltr'><strong>posteri</strong></span> <span class='ocrx_word' id='word_1_283' title='bbox 682 4117 732 4205; x_wconf 84' lang='lat' dir='ltr'><strong>ad</strong></span> <span class='ocrx_word' id='word_1_284' title='bbox 766 4120 968 4238; x_wconf 88' lang='lat' dir='ltr'><strong>quamlibet</strong></span> <span class='ocrx_word' id='word_1_285' title='bbox 994 4119 1277 4237; x_wconf 85' lang='lat' dir='ltr'><strong>expedicionem</strong></span> <span class='ocrx_word' id='word_1_286' title='bbox 1299 4121 1538 4240; x_wconf 78' lang='lat' dir='ltr'><strong>generalem,</strong></span> <span class='ocrx_word' id='word_1_287' title='bbox 1569 4121 1679 4206; x_wconf 89' lang='lat' dir='ltr'><strong>nobis</strong></span> <span class='ocrx_word' id='word_1_288' title='bbox 1704 4133 1740 4206; x_wconf 91' lang='lat' dir='ltr'><strong>et</strong></span> <span class='ocrx_word' id='word_1_289' title='bbox 1762 4121 1902 4211; x_wconf 91' lang='lat' dir='ltr'><strong>nostris</strong></span> <span class='ocrx_word' id='word_1_290' title='bbox 1923 4152 2008 4210; x_wconf 87' lang='lat' dir='ltr'><strong>suo·</strong></span> 
     </span>
     <span class='ocr_line' id='line_1_30' title="bbox 384 4235 2135 4355; baseline 0.002 -31"><span class='ocrx_word' id='word_1_291' title='bbox 384 4235 624 4339; x_wconf 83' lang='lat' dir='ltr'><strong>cessorib‘us,</strong></span> <span class='ocrx_word' id='word_1_292' title='bbox 656 4265 739 4322; x_wconf 92' lang='lat' dir='ltr'><strong>cum</strong></span> <span class='ocrx_word' id='word_1_293' title='bbox 767 4235 877 4326; x_wconf 89' lang='lat' dir='ltr'><strong>hasta</strong></span> <span class='ocrx_word' id='word_1_294' title='bbox 907 4237 943 4323; x_wconf 93' lang='lat' dir='ltr'><strong>in</strong></span> <span class='ocrx_word' id='word_1_295' title='bbox 964 4237 1110 4353; x_wconf 88' lang='lat' dir='ltr'><strong>plaehis</strong></span> <span class='ocrx_word' id='word_1_296' title='bbox 1131 4242 1167 4335; x_wconf 76' lang='lat' dir='ltr'><strong>[l</strong></span> <span class='ocrx_word' id='word_1_297' title='bbox 1184 4237 1324 4354; x_wconf 93' lang='lat' dir='ltr'><strong>plattis]</strong></span> <span class='ocrx_word' id='word_1_298' title='bbox 1346 4240 1382 4323; x_wconf 94' lang='lat' dir='ltr'><strong>in</strong></span> <span class='ocrx_word' id='word_1_299' title='bbox 1404 4267 1503 4355; x_wconf 90' lang='lat' dir='ltr'><strong>equo</strong></span> <span class='ocrx_word' id='word_1_300' title='bbox 1533 4237 1670 4324; x_wconf 89' lang='lat' dir='ltr'><strong>valenti</strong></span> <span class='ocrx_word' id='word_1_301' title='bbox 1695 4235 1827 4323; x_wconf 90' lang='lat' dir='ltr'><strong>decem</strong></span> <span class='ocrx_word' id='word_1_302' title='bbox 1850 4269 2010 4345; x_wconf 88' lang='lat' dir='ltr'><strong>marcas,</strong></span> <span class='ocrx_word' id='word_1_303' title='bbox 2132 4245 2135 4257; x_wconf 83' lang='lat'>&#39;</span> 
     </span>
    </p>

    <p class='ocr_par' dir='ltr' id='par_1_5' title="bbox 274 4352 2010 4711">
     <span class='ocr_line' id='line_1_31' title="bbox 338 4352 2010 4474; baseline 0.001 -32"><span class='ocrx_word' id='word_1_304' title='bbox 338 4445 343 4454; x_wconf 66' lang='grc'><strong>,</strong></span> <span class='ocrx_word' id='word_1_305' title='bbox 383 4355 528 4442; x_wconf 87' lang='lat' dir='ltr'><strong>servire</strong></span> <span class='ocrx_word' id='word_1_306' title='bbox 559 4365 769 4442; x_wconf 87' lang='lat' dir='ltr'><strong>teneantur.</strong></span> <span class='ocrx_word' id='word_1_307' title='bbox 829 4352 872 4439; x_wconf 92' lang='lat' dir='ltr'><strong>ln</strong></span> <span class='ocrx_word' id='word_1_308' title='bbox 901 4383 1059 4472; x_wconf 92' lang='lat' dir='ltr'><strong>quorum</strong></span> <span class='ocrx_word' id='word_1_309' title='bbox 1090 4356 1253 4443; x_wconf 89' lang='lat' dir='ltr'><strong>omnium</strong></span> <span class='ocrx_word' id='word_1_310' title='bbox 1282 4355 1550 4460; x_wconf 88' lang='lat' dir='ltr'><strong>testimonium,</strong></span> <span class='ocrx_word' id='word_1_311' title='bbox 1589 4353 1639 4442; x_wconf 87' lang='lat' dir='ltr'><strong>ad</strong></span> <span class='ocrx_word' id='word_1_312' title='bbox 1670 4353 1904 4466; x_wconf 86' lang='lat' dir='ltr'><strong>evideneiam</strong></span> <span class='ocrx_word' id='word_1_313' title='bbox 1930 4359 2010 4474; x_wconf 90' lang='lat' dir='ltr'><strong>pla·</strong></span> 
     </span>
     <span class='ocr_line' id='line_1_32' title="bbox 274 4471 2010 4591; baseline 0.003 -31"><span class='ocrx_word' id='word_1_314' title='bbox 274 4529 278 4534; x_wconf 94' lang='lat'>-</span> <span class='ocrx_word' id='word_1_315' title='bbox 382 4473 542 4578; x_wconf 91' lang='lat' dir='ltr'><strong>uiorem,</strong></span> <span class='ocrx_word' id='word_1_316' title='bbox 563 4483 762 4589; x_wconf 82' lang='lat' dir='ltr'><strong>presentes</strong></span> <span class='ocrx_word' id='word_1_317' title='bbox 784 4471 898 4558; x_wconf 91' lang='lat' dir='ltr'><strong>scribi</strong></span> <span class='ocrx_word' id='word_1_318' title='bbox 919 4486 957 4558; x_wconf 92' lang='lat' dir='ltr'><strong>et</strong></span> <span class='ocrx_word' id='word_1_319' title='bbox 976 4472 1095 4560; x_wconf 91' lang='lat' dir='ltr'><strong>nostri</strong></span> <span class='ocrx_word' id='word_1_320' title='bbox 1116 4471 1226 4590; x_wconf 81' lang='lat' dir='ltr'><strong>sigilli</strong></span> <span class='ocrx_word' id='word_1_321' title='bbox 1247 4473 1444 4560; x_wconf 90' lang='lat' dir='ltr'><strong>munimine</strong></span> <span class='ocrx_word' id='word_1_322' title='bbox 1458 4473 1641 4589; x_wconf 88' lang='lat' dir='ltr'><strong>jussimus</strong></span> <span class='ocrx_word' id='word_1_323' title='bbox 1656 4471 1842 4591; x_wconf 87' lang='lat' dir='ltr'><strong>roborarj.</strong></span> <span class='ocrx_word' id='word_1_324' title='bbox 1873 4477 2010 4566; x_wconf 79' lang='lat' dir='ltr'><strong>Aoum</strong></span> 
     </span>
     <span class='ocr_line' id='line_1_33' title="bbox 383 4587 2010 4711; baseline 0.004 -35"><span class='ocrx_word' id='word_1_325' title='bbox 383 4605 420 4676; x_wconf 91' lang='lat' dir='ltr'><strong>et</strong></span> <span class='ocrx_word' id='word_1_326' title='bbox 447 4590 574 4679; x_wconf 88' lang='lat' dir='ltr'><strong>datum</strong></span> <span class='ocrx_word' id='word_1_327' title='bbox 604 4591 640 4677; x_wconf 91' lang='lat' dir='ltr'><strong>in</strong></span> <span class='ocrx_word' id='word_1_328' title='bbox 669 4595 848 4698; x_wconf 79' lang='lat' dir='ltr'><strong>Brzestlt,</strong></span> <span class='ocrx_word' id='word_1_329' title='bbox 885 4589 922 4676; x_wconf 91' lang='lat' dir='ltr'><strong>in</strong></span> <span class='ocrx_word' id='word_1_330' title='bbox 949 4587 1011 4675; x_wconf 91' lang='lat' dir='ltr'><strong>die</strong></span> <span class='ocrx_word' id='word_1_331' title='bbox 1041 4589 1319 4709; x_wconf 84' lang='lat' dir='ltr'><strong>purificaoionis</strong></span> <span class='ocrx_word' id='word_1_332' title='bbox 1359 4589 1471 4678; x_wconf 86' lang='lat' dir='ltr'><strong>beate</strong></span> <span class='ocrx_word' id='word_1_333' title='bbox 1501 4591 1657 4711; x_wconf 89' lang='lat' dir='ltr'><strong>virginis</strong></span> <span class='ocrx_word' id='word_1_334' title='bbox 1687 4590 1809 4678; x_wconf 89' lang='lat' dir='ltr'><strong>lllarie</strong></span> <span class='ocrx_word' id='word_1_335' title='bbox 1830 4593 2010 4711; x_wconf 83' lang='lat' dir='ltr'><strong>gloriose,</strong></span> 
     </span>
    </p>
   </div>
   <div class='ocr_carea' id='block_1_5' title="bbox 485 4855 1392 4944">
    <p class='ocr_par' dir='ltr' id='par_1_6' title="bbox 485 4855 1392 4944">
     <span class='ocr_line' id='line_1_34' title="bbox 485 4855 1392 4944; baseline 0.004 -23"><span class='ocrx_word' id='word_1_336' title='bbox 485 4858 523 4940; x_wconf 82' lang='lat'><strong>(³)</strong></span> <span class='ocrx_word' id='word_1_337' title='bbox 553 4857 631 4924; x_wconf 83' lang='lat' dir='ltr'><strong>Villa</strong></span> <span class='ocrx_word' id='word_1_338' title='bbox 648 4856 825 4924; x_wconf 80' lang='lat' dir='ltr'><strong>Pilrulleowo</strong></span> <span class='ocrx_word' id='word_1_339' title='bbox 840 4865 871 4924; x_wconf 90' lang='lat' dir='ltr'><strong>et</strong></span> <span class='ocrx_word' id='word_1_340' title='bbox 885 4855 997 4924; x_wconf 70' lang='lat' dir='ltr'><strong>Gecth&#39;n</strong></span> <span class='ocrx_word' id='word_1_341' title='bbox 1013 4857 1078 4924; x_wconf 89' lang='lat' dir='ltr'><strong>urbi</strong></span> <span class='ocrx_word' id='word_1_342' title='bbox 1095 4859 1228 4925; x_wconf 85' lang='lat' dir='ltr'><strong>Brestiao</strong></span> <span class='ocrx_word' id='word_1_343' title='bbox 1246 4857 1392 4944; x_wconf 81' lang='lat' dir='ltr'><strong>adjacent.</strong></span> 
     </span>
    </p>
   </div>
   <div class='ocr_carea' id='block_1_6' title="bbox 0 0 2449 5940">
    <p class='ocr_par' dir='ltr' id='par_1_7' title="bbox 0 0 2449 5940">
     <span class='ocr_line' id='line_1_35' title="bbox 0 0 2449 5940; baseline 0 0"><span class='ocrx_word' id='word_1_344' title='bbox 0 0 2449 5940; x_wconf 95' lang='lat' dir='ltr'><strong> </strong></span> 
     </span>
    </p>
   </div>
  </div>
 </body>
</html>
