4878 5942
1021 823 1066 836 -
1117 784 1194 860 em
1247 827 1283 840 -
1389 815 1393 822 ·

345 994 510 1074 uotouice
537 985 659 1074 villam
681 986 788 1076 Pauli
808 988 880 1074 iem
907 984 993 1074 dicti
1023 1001 1061 1074 et
1080 988 1232 1076 botrum
1260 989 1396 1104 ipsius,
1436 1017 1527 1080 vero
1548 1003 1586 1077 et
1614 991 1711 1078 iusto
1731 988 1845 1078 modo
1866 975 1952 1082 esse

345 1105 533 1213 limitotos;
562 1119 675 1242 prout
703 1107 753 1194 ob
781 1107 930 1224 antiquo
960 1120 1067 1193 erunt
1085 1109 1183 1194 lecte
1213 1121 1251 1195 et
1270 1107 1430 1194 limitato.
1462 1105 1511 1194 Et
1530 1139 1578 1196 ne
1607 1141 1723 1227 super
1743 1110 1816 1196 boc
1843 1111 1952 1198 alicui
2112 1149 2116 1172 ⁴

127 1234 130 1242 ’
217 1289 221 1296 -
346 1223 493 1311 dubium
511 1239 671 1332 unctor,
693 1239 887 1342 presentes
907 1223 1033 1310 literas
1053 1226 1177 1345 sigillo
1198 1239 1327 1314 nostro
1349 1227 1501 1313 fecimus
1521 1228 1710 1336 roborari,
1731 1230 1952 1347 inponentes

345 1342 466 1431 Paulo
487 1343 656 1463 predicto
677 1360 713 1432 et
733 1346 811 1432 suis
832 1344 993 1460 posteris
1023 1357 1240 1460 perpetuum
1262 1345 1454 1432 silencium
1491 1376 1558 1463 per
1580 1364 1785 1466 presentes.
1817 1348 1953 1435 Actum

345 1474 384 1546 et
402 1460 529 1548 dutum
555 1463 589 1550 in
612 1467 733 1570 Brcrt,
754 1491 853 1550 anno
874 1460 1011 1548 domini
1033 1463 1224 1550 millesimo
1255 1463 1377 1551 CCC-⁰
1400 1465 1690 1584 quadragesimo
1712 1496 1824 1554 nono.
1856 1466 1952 1554 Pre-

344 1581 511 1668 scutibus
532 1584 692 1670 strenuis
703 1597 742 1669 et
758 1579 1036 1669 honorabilibus
1051 1582 1148 1686 viris,
1165 1581 1332 1670 dominis:
1352 1582 1508 1670 Cbebde
1526 1585 1740 1695 castellano,
1755 1584 1952 1704 Przetpcl-

344 1699 443 1786 ltono
472 1701 586 1788 lrctre
601 1699 681 1787 ¹sun
708 1701 970 1818 subpincernc,
1000 1697 1274 1809 brestensibus3
1296 1701 1487 1812 Dobesleo
1508 1704 1712 1792 costellsno
1734 1704 1950 1810 coualiensi

277 1837 280 1842 ·
345 1816 595 1934 Sondywoyo
640 1818 834 1926 subindioe
873 1817 1076 1926 brestensi,
1122 1817 1389 1928 Virzchosleo‚
1425 1820 1608 1932 Nemeruo
1657 1821 1860 1911 heredibus
1904 1823 1952 1911 de

345 1941 653 2024 Plzeirmmr'no
675 1951 712 2024 et
731 1936 813 2056 nlijs
833 1968 943 2056 quom
966 1937 1129 2054 plurimis
1150 1937 1224 2038 lide
1245 1938 1380 2060 dignis

971 2257 1323 2375 CCLXXXVHL

469 2494 751 2590 Boeotiae,
778 2490 1326 2582 unn01349dte28
1356 2497 1554 2579 menete
1586 2498 1823 2601 dunusci.

363 2765 365 2772 ,
505 2695 633 2770 Limites
646 2695 728 2770 inter
740 2696 946 2771 molendinum
963 2697 1041 2766 Orto
1056 2697 1171 2772 domm
1186 2699 1220 2770 ct
1233 2697 1339 2772 ullum
1355 2676 1492 2786 Gtunyn
1506 2677 1735 2776 constituuntur
1748 2699 1797 2786 (Ι).

444 2870 527 2976 Nos
548 2885 945 3007 Wincencius,judex
966 2887 1171 2978 brestensis
1192 2888 1242 2976 cd
1263 2890 1520 2976 uniuersorum
1541 2889 1711 2976 noticirim
1734 2887 1951 2980 deducimus

344 3037 412 3126 per
432 3023 644 3124 presentes:
676 3007 795 3124 Quod
816 3010 1002 3097 constituti
1016 3047 1018 3052 ·
1032 3037 1161 3097 coram
1182 3009 1291 3096 nobis
1312 3023 1348 3096 et
1368 3007 1503 3094 iudicio
1534 3007 1670 3094 domini
1691 3006 1813 3128 Regis
1832 3008 1950 3100 Polo·

343 3125 414 3234 nie,
435 3141 569 3245 querto
590 3125 648 3214 die
668 3140 757 3244 post
776 3127 871 3214 diem
893 3128 990 3216 beuti
1011 3125 1280 3234 Bertbolomei‚
1302 3129 1339 3214 in
1359 3127 1508 3215 ciuitate
1530 3133 1650 3232 Brut,
1670 3128 1893 3216 venerabilis
1913 3131 1951 3216 in

344 3243 491 3333 Christo
512 3259 619 3364 poter
638 3245 809 3334 dominus
838 3245 1020 3353 lllatbins,
1042 3246 1101 3335 dei
1121 3248 1251 3367 gracie
1282 3247 1442 3334 ecclesie
1469 3245 1780 3336 wladisleuiensis
1802 3247 1950 3366 episco-

343 3391 435 3481 pus,
464 3379 501 3452 et
519 3364 688 3452 lacobus
710 3363 830 3453 dictus
858 3363 1044 3472 Vitrzeslr,
1065 3365 1176 3454 beres
1199 3365 1247 3452 de
1278 3371 1476 3471 Glemona,
1506 3365 1654 3483 puplice
1682 3364 1764 3478 (sic)
1783 3367 1949 3455 confessi
2029 3349 2047 3465 l

344 3495 431 3570 sunt
448 3481 675 3602 prolitentes:
697 3483 812 3598 Quod
832 3486 1000 3604 granicis
1021 3515 1087 3573 seu
1109 3483 1232 3606 gades
1253 3486 1348 3572 inter
1368 3483 1615 3572 molendinum
1636 3483 1792 3601 predicti
1812 3483 1959 3573 domini
2028 3468 2038 3504 ¹

344 3601 511 3720 episcopi
532 3617 567 3690 er
587 3633 655 3691 suc
679 3604 840 3691 ecclesie
863 3609 956 3691 Orto
977 3601 1126 3710 dictum,
1147 3617 1185 3690 et
1207 3607 1419 3691 Gluszinmn
1434 3599 1502 3716 (ἓ),
1522 3603 1643 3690 villam
1663 3601 1797 3692 Jacobi
1815 3629 1949 3722 preno-

343 3718 418 3818 teti,
432 3721 535 3837 justo
556 3737 593 3808 et
614 3737 706 3810 vcr'o
728 3721 840 3810 modo
861 3737 947 3810 sunt
966 3722 1122 3810 linitam.
1148 3721 1235 3837 Quc
1252 3724 1420 3843 grommo
1436 3752 1504 3810 seo
1525 3723 1668 3810 termini
1689 3723 1783 3808 iuter
1799 3723 1948 3840 predic·

343 3849 419 3925 turn
435 3839 682 3928 molendinum
700 3841 870 3930 etvillo'm
884 3858 969 3930 onte
983 3840 1117 3929 dictum
1134 3873 1177 3928 se
1193 3843 1248 3930 sic
1264 3840 1475 3930 extendunt.
1496 3842 1608 3928 Juxta
1629 3843 1725 3927 viam
1741 3839 1882 3957 (pmtits
1898 3841 1947 3928 si-

343 3958 468 4066 nistre,
489 3989 558 4075 per
578 3988 687 4078 quem
709 3959 840 4048 iturde
856 3977 954 4049 terra
971 3960 1136 4077 Cuyuuie
1157 3991 1291 4049 versus
1312 3961 1471 4072 leolum),
1494 3961 1947 4078 quiMattenuncupotur,

344 4076 444 4164 circu
466 4107 574 4195 quern
596 4079 745 4190 leolum)
761 4079 885 4167 ultima
901 4081 1088 4197 granicies
1104 4081 1329 4166 terminetur.
1350 4077 1399 4164 Et
1415 4081 1517 4196 quod
1534 4080 1650 4163 eciem
1665 4078 1736 4162 iem
1753 4075 1948 4166 dictusdo·

344 4196 463 4284 oobus
484 4209 522 4282 et
535 4195 592 4280 sui
614 4199 753 4311 poste'ri
769 4197 817 4283 ad
838 4197 958 4284 lucum
973 4197 1176 4312 predictum
1197 4203 1330 4300 Metto,
1347 4225 1416 4281 neo
1432 4194 1481 4280 ed
1502 4223 1636 4312 equom
1654 4191 1850 4280 molendini
1866 4195 1947 4282 nul-

218 4383 221 4390 .
344 4312 416 4402 lom
431 4313 593 4402 babeant
608 4312 869 4419 iuridicionem,
886 4345 955 4401 nec
971 4319 1087 4430 ipsum
1104 4343 1239 4432 aquom
1257 4315 1292 4401 in
1308 4312 1408 4400 nullu
1422 4313 1619 4430 inpedient.
1641 4310 1677 4399 N
1681 4339 1725 4398 ec
1737 4341 1852 4428 super
1860 4343 1945 4432 pre·

344 4431 463 4522 dictos
483 4433 673 4554 granicies
693 4433 858 4550 prelatus
879 4431 1047 4520 lacobus
1074 4447 1110 4520 et
1130 4434 1187 4520 sui
1207 4434 1349 4552 posteri
1370 4431 1519 4518 ulterius
1542 4459 1695 4552 quorem
1718 4429 1800 4544 (sio)
1820 4431 1944 4550 aliquo

444 4669 483 4836 pp
524 4670 569 4736 Ex
585 4669 742 4769 archetypo
756 4665 987 4767 mcmbmpeceo
1000 4667 1135 4768 tubulorii
1151 4665 1271 4767 capituli
1286 4665 1554 4766 Wlndislauiensis.
1579 4665 1716 4766 sigillum
1731 4665 1835 4764 deest..

456 4757 470 4796 ²
529 4751 679 4842 Glttrzyn,
693 4754 761 4822 rullo
777 4761 917 4820 territorn
932 4754 978 4825 Gu
990 4773 1126 4832 ucrensis,
1146 4774 1276 4840 regionis
1289 4753 1471 4828 Bresteusrs,
1492 4761 1547 4816 sits
1564 4772 1641 4818 cuca
1653 4753 1758 4830 lucum,
1789 4771 1873 4838 cujus
1888 4773 1942 4824 uo·

310 4851 314 4854 ’
345 4838 574 4994 mmmm
588 4839 785 4928 geographico
800 4861 860 4906 uon
876 4847 922 4908 est
936 4775 1105 4919 indicatum,
1126 4839 1178 4927 qui
1192 4847 1293 4905 tomen
1306 4838 1371 4904 sine
1386 4837 1477 4904 dubio
1498 4836 1601 4903 Molles
1616 4837 1680 4904 siro
1696 4837 1798 4922 potius
1820 4837 1943 4905 Meci-bie

345 4945 418 4996 roco
504 4975 512 4992 .
848 4944 853 4954 ·

1737 5035 1784 5094 ωί
