4984 5930
1051 755 1300 828 ..tp-

363 983 437 1072 que
457 965 640 1059 tenenturr,
661 953 845 1058 uolumus,
865 968 906 1041 ut
925 957 961 1044 ic
981 955 1183 1044 continenti
1204 955 1441 1044 dimittantur.
1474 953 1658 1044 Preterca
1677 955 1861 1062 uolumus,
1883 975 1923 1048 ut
1943 957 1992 1048 de

362 1069 509 1189 capella
542 1087 675 1160 sande
708 1071 832 1160 Meuia
866 1072 916 1162 do
949 1078 1070 1162 Scene
1090 1071 1150 1186 (³)
1178 1071 1324 1192 judicio
1357 1073 1578 1192 disceptant.
1628 1073 1726 1162 ltem
1755 1076 1927 1166 uolumus
1956 1093 1994 1168 at

361 1189 607 1306 precipimus,
633 1203 673 1277 ut
694 1217 765 1306 pro
786 1189 922 1308 preda,
949 1219 1062 1327 qnam
1088 1191 1176 1280 lecit
1202 1190 1252 1278 de
1275 1205 1423 1280 centnm
1443 1191 1685 1310 septuaginta
1705 1209 1852 1312 septem
1871 1197 1991 1314 equis,

272 1372 277 1382 .
362 1320 509 1394 centnm
533 1303 683 1394 reddat
732 1306 794 1394 De
820 1305 992 1398 ducentis
1019 1309 1150 1428 viginti
1178 1337 1316 1397 mnam
1336 1310 1515 1425 jumentis
1543 1306 1679 1396 reddat
1705 1308 1881 1398 ducenta
1930 1311 1992 1402 De

362 1424 561 1542 sexaginta
588 1449 725 1510 nonem
745 1424 934 1542 poledris,
964 1425 1102 1514 reddat
1148 1425 1269 1513 uadrn
1301 1426 1310 1444 ⁶
1338 1439 1388 1514 ta.
1438 1425 1498 1514 Dc
1517 1426 1732 1546 quingentis
1752 1429 1993 1548 septuaginta

361 1457 1992 1782 unltttdtttcttnittztenementum

360 1775 466 1894 g'ntn
487 1789 650 1894 quatuor
668 1776 815 1882 ou‘dtus,
843 1775 981 1867 reddat
998 1778 1097 1866 mille
1117 1779 1354 1898 quingentas.
1403 1777 1465 1866 De
1484 1777 1581 1864 mille
1602 1775 1773 1868 ducentis
1791 1783 1993 1900 sexaginta

361 1894 506 2010 porcis,
535 1891 674 1981 reddat
700 1895 939 2014 quingentos.
989 1895 1184 1984 Ducentos
1208 1908 1365 1984 truncos
1385 1923 1498 2013 mum
1518 1893 1745 1984 relaxamus.
1795 1895 1856 1986 De
1875 1895 1991 1987 rebus

361 2008 572 2098 udentibus
600 2023 789 2121 trecentos
817 2014 1086 2133 qninquaginta
1114 2028 1277 2130 quatuor
1306 2039 1475 2117 marone,
1504 2027 1543 2100 et
1569 2010 1619 2100 do
1645 2015 1821 2104 trecentis
1840 2016 1991 2102 acernis

360 2127 543 2216 annonei
641 2131 890 2248 consumptis,
918 2131 1042 2218 soluat
1069 2131 1297 2250 quingentas
1317 2157 1479 2218 marces.
1532 2127 1766 2264 Pracipimus
1794 2131 1922 2238 etiam,
1951 2146 1992 2220 ut

361 2243 503 2333 mtrinm
565 2245 712 2364 pisocpi
738 2245 788 2332 dc
812 2253 990 2334 Parakan
1003 2245 1079 2362 (⁴),
1108 2246 1316 2337 secundum
1344 2245 1447 2366 quod
1475 2247 1579 2364 prins
1598 2247 1683 2350 lunt,
1711 2245 1923 2354 raediticet,
1954 2261 1993 2336 et

358 2361 534 2450 familiam
558 2391 708 2450 omnem
729 2365 811 2450 sinc
831 2363 1138 2454 contradiocicne
1157 2363 1382 2484 ubicumque
1401 2365 1510 2452 luent
1528 2361 1636 2452 reddi
1656 2363 1768 2454 iaciat
1788 2363 1990 2452 abductam

361 2475 412 2566 de
441 2483 607 2566 &iamin
657 2478 718 2567 De
738 2479 873 2568 debitis
899 2511 993 2571 uero
1017 2484 1171 2570 lratmm
1192 2480 1348 2599 predicti
1369 2479 1505 2568 domini
1527 2477 1576 2568 dc
1599 2483 1771 2584 Gdnnzo,
1797 2481 1991 2602 inquibus

361 2595 585 2684 tenebantur
613 2595 766 2686 dominc
794 2595 1011 2715 Episcopo,
1042 2599 1130 2718 quia
1159 2613 1296 2686 terram
1324 2627 1456 2687 comm
1485 2595 1673 2715 possidat,
1701 2597 1844 2716 Episoo
1872 2628 1898 2687 o
1925 2629 1990 2688 sn·

362 2713 532 2802 tislnciat.
578 2713 813 2850 precipimus
833 2717 953 2803 eciam
974 2731 1033 2822 ut,
1066 2715 1116 2803 de
1170 2712 1395 2834 uadrnginta
1423 2727 1512 2801 octo
1541 2714 1668 2830 equis,
1701 2743 1798 2831 quos
1877 2715 1990 2820 duxit,

362 2828 514 2918 domino
549 2829 786 2920 Mannutcnsi
820 2830 1036 2952 Episcopo,
1070 2829 1139 2920 red
1194 2845 1208 2920 t
1240 2833 1286 2918 tri
1318 2832 1403 2920 intn
1459 2829 1520 2916 De
1551 2829 1713 2948 quinque
1746 2833 1821 2918 iota
1855 2831 1990 2934 bobus,

362 2946 498 3036 reddat
518 2949 680 3068 triginta.
729 2947 792 3037 De
817 2948 1022 3068 pecoribus
1048 2963 1215 3053 centum,
1240 2860 1375 3036 reddat
1402 2947 1489 3067 quin
1517 2947 1681 3064 uaginta.
1771 2946 1989 3066 cqundrin·

361 3067 488 3184 gentis
509 3064 762 3185 quadraginta
779 3083 939 3188 quatuor
953 3065 1099 3171 ouibus,
1119 3063 1255 3154 reddat
1270 3063 1464 3154 ducentas.
1491 2978 1706 3184 l³repositc
1720 3065 1990 3180 Strelnenc'(³),

362 3181 498 3269 reddat
513 3195 673 3300 quatuor
687 3181 819 3290 boues,
839 3183 936 3272 dues
952 3213 1105 3290 uaccae,
1119 3183 1251 3303 viginti
1266 3211 1372 3290 oues,
1387 3180 1521 3271 decem
1536 3209 1637 3270 sues.
1666 3177 1789 3270 Etiam
1804 3182 1989 3292 volumus,

362 3313 403 3386 ut
421 3301 458 3388 in
477 3299 758 3390 occumbente
782 3299 899 3392 Lucis
918 3302 1044 3390 solunt
1062 3303 1224 3390 iumenta
1245 3316 1283 3390 et
1301 3300 1422 3390 boues
1449 3315 1488 3390 ct
1506 3313 1655 3390 contum
1676 3329 1826 3390 marcas
1845 3302 1883 3390 in
1903 3302 1989 3392 villa

219 3489 223 3496 .
363 3411 747 3530 dodropcsmcic‘ffl),
766 3433 804 3506 ct
821 3434 913 3506 tunc
931 3419 967 3506 in
988 3418 1087 3523 loco,
1107 3419 1144 3504 in
1165 3447 1242 3537 quo
1257 3417 1476 3524 condixerit,
1495 3417 1556 3505 uel
1573 3447 1647 3534 por
1665 3415 1909 3537 Episcopum,
1928 3420 1989 3506 uel

361 3561 431 3648 per
449 3563 652 3653 personam
680 3535 773 3624 inter
801 3537 934 3624 ositom
954 3537 1183 3624 absoluetur.
1233 3536 1276 3624 Si
1297 3564 1390 3622 uero
1411 3533 1628 3655 supradicta
1648 3536 1757 3622 citius
1777 3535 1989 3642 exsoluerit,

362 3651 469 3737 citius
489 3651 719 3740 absolnetur.
769 3565 812 3739 ln
833 3651 1003 3741 secundo
1024 3681 1118 3742 uero
1139 3653 1314 3757 termino,
1342 3651 1485 3740 scilicet
1505 3653 1541 3740 in
1562 3649 1831 3772 puriliccoioce
1850 3653 1886 3740 in
1905 3684 1989 3774 pre·

362 3765 463 3854 diota
482 3768 568 3856 villa
589 3767 726 3860 reddet
747 3797 887 3890 equos,
936 3769 1105 3878 cledros,
1126 3773 1286 3876 vaccas,
1307 3799 1420 3877 ones,
1468 3797 1583 3858 orcos
1603 3781 1640 3856 et
1660 3781 1808 3856 centum
1827 3799 1988 3858 marcas.

361 3881 403 3971 ln
424 3883 697 4004 penthecosten
716 3913 811 3975 vero
831 3801 966 3977 reddat
986 3901 1176 3978 trecentas
1201 3913 1352 3976 marcas
1379 3903 1416 3974 et
1435 3799 1598 3976 debitum
1618 3885 1787 3990 lratmm,
1814 3901 1852 3973 et
1869 3917 1990 4004 nsque

361 4001 410 4089 cd
431 4003 565 4092 lestum
586 4003 862 4124 assumpcionis
883 4006 1024 4094 curiam
1045 4003 1094 4093 dc
1115 4011 1291 4094 Porolnn
1309 4001 1512 4094 reedificat
1541 4001 1663 4092 Etiam
1684 4003 1866 4107 uolumus,
1886 4001 1989 4120 quod

462 4269 502 4352 (²)
532 4266 656 4335 droiecic
669 4267 780 4355 (Sicca,
794 4269 966 4356 germanice
981 4267 1128 4353 sennen)
1143 4269 1180 4336 nd
1195 4269 1304 4338 ostium
1319 4269 1373 4336 riri
1389 4265 1508 4334 Gauron
1519 4265 1550 4332 in
1562 4265 1709 4333 ventam
1721 4265 1882 4332 inlluentis.
1902 4268 1985 4334 ldcm

362 4351 561 4438 Swietopclco
572 4353 641 4419 Dran
656 4353 854 4420 Pomeraninc
868 4353 1002 4441 quinque
1017 4355 1104 4419 nnnis
1119 4361 1221 4438 postea
1232 4353 1376 4420 emunxit
1386 4351 1496 4418 ibidcm
1507 4371 1607 4417 arcem
1618 4351 1684 4416 sinc
1694 4357 1834 4417 casuum
1854 4351 1987 4420 Domum

363 4435 434 4502 urbs
443 4446 479 4508 ,nt
491 4445 583 4523 eaput
597 4437 686 4505 unius
696 4438 854 4522 regionum
867 4437 1040 4524 provinciae
1054 4438 1261 4505 Pomcmnino.

463 4521 489 4604 (⁴
532 4521 757 4588 Ferramenta
772 4523 802 4588 in
818 4521 966 4589 decanatu
978 4521 1228 4588 Gnicwoovicnsi.

463 4607 489 4684 (³
533 4603 671 4671 Sateltm
684 4605 752 4672 villn
767 4603 996 4672 addemnatam
1011 4605 1248 4672 Grusriciensom
1263 4605 1425 4692 pertinens,
1440 4609 1544 4691 postca
1557 4602 1702 4690 oppidum
1717 4601 1883 4691 etquidem
1892 4623 1987 4671 nuum

363 4709 380 4754 c
394 4687 557 4773 majoribus
571 4689 740 4774 provinciae
754 4689 1068 4756 Junivlndislavionsis.

463 4772 506 4856 (⁰)
533 4773 675 4839 Fortasse
691 4773 759 4839 nilla
774 4773 828 4838 Do
904 4786 968 4860 csty
982 4773 1012 4838 in
1028 4772 1191 4859 palatinatu
1204 4772 1386 4840 Musonium
1399 4771 1551 4839 territorio
1564 4777 1596 4840 ot
1608 4771 1733 4856 regione
1747 4769 1918 4837 lanciciensi
1932 4770 1987 4834 sita

362 4855 408 4923 tel
422 4855 638 4944 Dolrcpoezcae
651 4858 792 4924 territorii
808 4859 878 4924 Wic
890 4857 1022 4934 unensis,
1036 4857 1166 4943 regionis
1180 4877 1253 4924 vero
1268 4855 1545 4924 onninamente.
