4876 5940
1040 721 1316 798 -tuo-

362 929 484 1022 bunt:
512 937 672 1042 exceptu
694 921 778 1013 solo
800 924 910 1036 (sio),
932 921 1085 1041 quando
1115 927 1270 1036 Cujcur'o
1290 921 1339 1009 ab
1359 921 1481 1010 alieno
1503 923 1667 1010 exercitu
1689 920 1894 1027 invadetur,
1919 949 1992 1010 nec

360 1047 470 1136 alicui
484 1043 733 1162 jurisdictioni
756 1042 1065 1144 Castellanorum,
1088 1041 1347 1158 palatinorum,
1361 1038 1540 1155 judicum,
1564 1039 1772 1128 ollicialium
1790 1055 1851 1127 aut
1868 1070 1992 1128 came·

360 1165 557 1270 rariorum,
578 1191 650 1249 nec
670 1191 800 1249 eorum
816 1159 966 1275 judiciis
987 1159 1246 1275 subjacebunt,
1267 1188 1339 1244 nec
1359 1157 1408 1243 ad
1430 1159 1746 1264 suscitabuntur,
1768 1188 1840 1244 nec
1861 1187 1992 1245 coram

360 1284 453 1399 ipsis
473 1311 543 1401 pru
564 1280 687 1396 aliqua
708 1277 914 1366 hereditate
936 1307 1004 1364 seu
1025 1277 1292 1394 possessione,
1309 1273 1373 1361 uel
1393 1306 1463 1394 pro
1485 1297 1602 1364 causa
1625 1277 1874 1396 qualicunque
1890 1305 1993 1363 com·

361 1429 497 1516 parere
513 1397 677 1484 debeant
691 1411 757 1483 aut
772 1393 1017 1513 respondere,
1038 1407 1097 1482 set
1113 1407 1253 1480 tanturn
1271 1421 1399 1479 coram
1421 1394 1541 1498 nobie,
1563 1423 1646 1482 curn
1668 1425 1737 1511 per
1758 1407 1925 1480 nostrum
1938 1393 1996 1479 tir..

361 1533 500 1622 teram,
523 1531 655 1604 nostro
676 1514 801 1633 sigillo
832 1513 1032 1632 sigillatam
1061 1511 1160 1599 citati
1190 1511 1323 1598 luerint
1347 1540 1418 1628 pro
1437 1510 1645 1599 hereditate
1665 1511 1726 1598 vel
1746 1512 1993 1629 possessione

361 1633 652 1752 comparebunt,
674 1647 711 1719 et
732 1633 869 1748 injure
890 1630 1135 1734 Theutonico,
1158 1627 1259 1750 quod
1281 1627 1593 1747 Meydburgense
1614 1629 1757 1736 dicitur,
1779 1609 2003 1744 responde--

360 1754 461 1842 bunt.
503 1748 705 1857 Adbuc,ad
736 1751 916 1866 majorem
947 1748 1132 1834 cumulum
1154 1747 1297 1866 gracie,
1318 1747 1493 1834 fratribus
1514 1763 1553 1834 et
1572 1745 1992 1864 munasteriopredicto

360 1872 481 1988 ipsum
504 1868 639 1972 locum,
659 1869 696 1954 in
719 1897 795 1986 quo
816 1897 915 1954 nunc
935 1867 1201 1954 monasterium
1223 1879 1282 1952 est
1297 1863 1500 1968 fundatum,
1523 1864 1624 1985 quod
1641 1871 1828 1978 Byssom'u
1848 1863 1993 1966 dicitur,
2101 1858 2105 1866 ’

361 2018 445 2076 cum
467 1986 593 2090 lluvio,
616 1987 677 2103 qui
700 2013 819 2102 prope
839 1985 1106 2072 monasterium
1128 1983 1216 2086 lluit,
1238 1981 1299 2100 qui
1322 1989 1429 2070 Dbru
1449 1982 1645 2104 wlgariter
1664 1985 1885 2088 nominatur,
1906 2009 1991 2070 cum

361 2120 519 2237 utroque
550 2103 671 2190 littore
699 2105 794 2190 intra
825 2105 1004 2192 terminos
1032 2103 1217 2190 bonorum
1249 2099 1336 2190 dicti
1362 2103 1597 2210 monasterii,
1630 2131 1713 2188 cum
1734 2102 1834 2190 omni
1848 2103 1935 2218 jure
1956 2111 1994 2186 et

353 2221 498 2338 judicto
519 2236 556 2308 et
576 2219 751 2324 utilitate,
766 2235 840 2307 tam
857 2221 928 2308 sub
950 2236 1062 2326 terra,
1084 2249 1196 2340 quam
1217 2249 1333 2336 supra
1355 2231 1509 2324 terram,
1534 2220 1699 2306 similiter
1718 2219 1815 2307 sicut
1835 2232 1873 2304 et
1891 2217 1993 2304 bona

359 2339 432 2426 alia
454 2337 730 2426 confirmamus.
780 2338 835 2425 lta
856 2352 906 2442 ut,
928 2341 959 2424 si
982 2338 1069 2454 quid
1084 2339 1120 2424 in
1141 2335 1320 2454 predictis
1340 2366 1410 2452 per
1430 2336 1727 2454 predecessores
1759 2351 1797 2424 et
1815 2335 1993 2455 progeni·

359 2472 463 2544 tores
484 2469 637 2541 nostros
658 2454 784 2540 datum
807 2485 881 2540 nun
902 2457 1039 2558 existit,
1057 2484 1128 2542 nos
1150 2453 1335 2540 donamus
1357 2454 1439 2564 (sic)
1457 2453 1655 2541 liberaliter
1676 2467 1714 2538 et
1734 2453 1881 2542 deuote.
1911 2451 1992 2540 Eo·

360 2573 445 2660 dem
468 2572 583 2665 modo
604 2573 640 2657 in
662 2573 782 2675 bonis,
804 2603 877 2689 que
900 2578 1079 2658 Tronsicz
1099 2586 1137 2657 et
1156 2575 1304 2655 Sucouo
1325 2570 1570 2686 appellantur,
1584 2573 1693 2686 juxta
1722 2577 1868 2658 Wr'slum
1902 2571 1995 2676 sitis,

359 2689 608 2778 donacionem
630 2691 785 2776 iacimus
806 2691 842 2774 in
863 2689 1042 2776 similibus
1063 2688 1215 2806 graciis,
1236 2687 1268 2772 si
1288 2717 1312 2772 a
1333 2689 1472 2774 nostris
1491 2686 1830 2802 predecessoribus
1850 2687 1994 2804 aliquo·

360 2807 474 2896 modu
496 2820 554 2894 est
575 2807 769 2926 neglecta,
802 2805 1069 2894 confirmantes
1098 2805 1152 2891 eis
1183 2805 1220 2891 in
1241 2801 1349 2890 dictis
1369 2801 1479 2890 bunis
1500 2833 1610 2904 omno
1623 2805 1689 2920 jus
1709 2831 1757 2890 ac
1778 2803 1995 2905 libertatem,

359 2926 552 3028 utilitates,
583 2925 851 3041 pertinenciaS,
882 2923 1036 3042 gracias
1073 2937 1110 3010 et
1136 2920 1279 3040 judicie
1301 2921 1484 3041 quelibet,
1516 2921 1612 3012 sieut
1631 2921 1668 3008 in
1690 2921 1799 3010 bonis
1820 2922 1998 3038 superius·

360 3045 587 3130 memoratis.
637 3043 680 3129 ln
701 3042 815 3133 lluuio
839 3071 991 3160 quoque
1019 3048 1131 3130 Wr'slcr
1154 3042 1219 3158 jus
1248 3039 1441 3158 piscandi,
1472 3039 1661 3159 navigium
1683 3069 1751 3126 seu
1774 3037 1994 3158 passagium

359 3159 540 3264 habendi,
571 3176 607 3248 et
622 3159 763 3278 judicia
786 3160 948 3280 quelibet
967 3161 1004 3246 in
1026 3161 1109 3277 ipso
1129 3159 1298 3264 llumine,
1328 3159 1425 3246 sicut
1444 3173 1482 3245 et
1502 3159 1538 3244 in
1560 3171 1679 3263 terra,
1711 3157 1807 3244 intra
1827 3158 1994 3273 ipsorum

359 3279 537 3366 terminos
568 3277 779 3364 exercendi.
840 3277 949 3364 Duas
980 3279 1099 3364 eciam
1142 3275 1282 3364 insulas
1317 3308 1339 3364 e
1378 3305 1419 3362 re
1452 3277 1537 3362 ione
1581 3275 1763 3362 dictorum
1807 3273 1993 3362 bonorum

362 3401 600 3497 Trumclr'cz,
632 3396 667 3482 in
689 3393 860 3511 predicto
881 3393 994 3481 lluvio
1024 3401 1131 3482 ll'r'ste
1151 3395 1262 3500 sitas,
1293 3423 1341 3481 ac
1361 3306 1574 3482 molendina
1594 3393 1630 3478 in
1651 3391 1761 3483 bonis
1775 3394 1855 3510 jam
1877 3390 1996 3501 dictis,

360 3513 525 3602 similiter
553 3512 819 3600 confirmamus
849 3527 884 3600 et
907 3513 1152 3616 conferimus,
1183 3512 1215 3598 si
1243 3512 1427 3599 anostris
1447 3509 1751 3630 progenitoribus
1771 3541 1848 3600 non
1869 3525 1998 3598 essent

359 3627 511 3717 donata.
532 3628 678 3718 Damus
699 3631 821 3737 etiam,
842 3632 874 3718 si
891 3629 981 3748 quid
1002 3631 1122 3716 minus
1143 3657 1326 3746 expresso
1346 3627 1474 3715 datum
1495 3629 1592 3718 foret
1611 3659 1681 3747 per
1697 3628 1998 3745 predecessores

360 3759 534 3852 nostros,
563 3749 601 3834 in
623 3749 796 3835 omnibus
817 3747 926 3836 bonis
947 3775 1063 3864 supra
1088 3747 1305 3834 memoratis
1334 3745 1455 3835 eidem
1481 3748 1710 3834 munasterio
1738 3746 1876 3833 liberas
1904 3774 1995 3861 pos-

359 3865 554 3952 sessiones
590 3865 885 3973 inlluminibus,
921 3866 1091 3984 stagnis,
1127 3865 1238 3972 rivis,
1274 3863 1453 3972 lacubus,
1489 3893 1537 3952 ac
1565 3863 1775 3952 hominibus
1826 3861 1996 3978 ejusdem

359 3981 594 4084 monasterii,
616 3983 751 4100 qubus
773 3983 966 4071 tamenab
988 3985 1104 4101 ipsius
1126 3985 1341 4070 monasterii
1362 3983 1499 4070 abbate
1519 3995 1557 4068 et
1575 3982 1750 4068 [ratribus
1772 4007 1996 4065 concessum

360 4099 500 4187 lueritz'
516 4097 567 4184 ita
593 4099 695 4220 quod
723 4099 811 4186 nulli
837 4101 899 4216 alii
928 4101 1038 4189 liceat
1063 4101 1113 4188 ibi
1140 4101 1300 4218 piscari,
1331 4129 1402 4185 nec
1423 4114 1595 4186 castores
1616 4125 1756 4212 capere
1775 4095 1941 4182 similiter
1961 4111 1999 4182 et

359 4215 611 4330 venacioncs,
642 4229 716 4300 mm
746 4245 970 4334 magnarum
1000 4247 1112 4332 quarn
1140 4245 1340 4333 paruarum
1361 4215 1546 4318 ternum,
1578 4215 1674 4298 intra
1703 4212 1882 4301 terminos
1909 4241 1997 4330 pre·

251 4436 256 4445 ¹
360 4332 544 4422 dictorum
571 4331 758 4417 bonorum
785 4330 928 4418 eisdem
956 4331 1159 4436 donamus,
1182 4346 1220 4418 et
1239 4331 1327 4417 nulli
1347 4330 1408 4417 alii
1422 4332 1488 4446 jus
1507 4329 1765 4446 relinquimus,
1782 4329 1856 4416 nisi
1877 4331 1998 4437 nobis,
2060 4315 2085 4432 ,ἶ

360 4479 445 4546 cum
500 4447 723 4566 ersonaliter
750 4445 836 4534 illuc
862 4449 1077 4536 venerimus
1097 4446 1147 4534 ed
1168 4447 1394 4534 venandum.
1444 4444 1650 4534 Habebunt
1670 4447 1789 4536 eciam
1811 4447 1997 4563 prenomi-
2044 4444 2059 4460 ”

360 4569 438 4655 nati
466 4479 603 4654 latres
631 4595 680 4652 ac
708 4589 839 4652 eorum
858 4563 1037 4654 ‘homines
1060 4559 1126 4683 jus
1153 4563 1316 4652 uenandi
1345 4565 1382 4652 in
1404 4563 1577 4652 omnibus
1597 4564 1709 4652 bouis
1743 4593 1872 4652 eorum
1913 4590 1997 4652 cum

362 4683 588 4803 quibuslibet
608 4683 872 4787 instrumentis,
887 4681 1062 4771 videlicet
1081 4682 1241 4790 retibus,
1257 4681 1424 4786 canibus,
1445 4681 1590 4802 laqueis
1612 4697 1648 4772 et
1672 4681 1826 4800 pedicis.
1858 4679 1998 4772 Omnia

362 4831 515 4922 quoque
526 4803 638 4909 bona,
650 4819 876 4922 quocunque
886 4802 993 4890 ¹titulo
1006 4801 1180 4892 constris
1189 4799 1370 4897 subdialia
1379 4800 1656 4916 (siclnobilibus
1670 4817 1740 4889 tau
1753 4799 1999 4919 popularibus
2031 4797 2078 4927 β’
2169 4909 2173 4912 ,
