4876 5940
1059 1049 1251 1190 ttttt·

495 1247 632 1392 oreo.
642 1288 951 1385 taceam
967 1283 1112 1386 1³15·
1126 1287 1223 1388 tlte
1237 1287 1315 1376 Μ
1339 1287 1815 1398 num-murts

338 1493 504 1584 mum
519 1493 555 1590 ot
564 1491 741 1586 brordan
752 1489 1006 1578 women
1019 1489 1153 1564 teretes
1160 1487 1262 1567 'rideo
1270 1491 1446 1562 Karneates
1456 1491 1574 1568 ttntttr
1580 1490 1663 1582 lutor
1676 1493 1969 1574 undum

304 1629 309 1638 ·
335 1589 1968 1686 tumetrdthedsynmetodudlmrdmtudmudmdsmpdmmdtutmdeffll¹l

435 1781 574 1870 Notum
594 1784 642 1870 sit
662 1780 849 1869 universis
896 1779 1108 1870 resentibus
1128 1797 1166 1869 et
1184 1779 1333 1885 futuris,
1358 1774 1408 1870 ad
1431 1813 1589 1903 quorum
1611 1785 1784 1872 noticiam
1807 1816 1968 1903 presens

334 1900 527 1989 devenerit
546 1901 742 2022 seriptum:
774 1811 970 2016 quodnos
984 1897 1114 2016 Zbyno
1132 1929 1313 1991 uuamtm
1334 1902 1448 1992 iretre
1469 1915 1603 2002 nostro
1628 1901 1840 2020 Woyoeob,
1858 1905 1967 1992 here-

335 2015 405 2110 des
432 2015 481 2105 de
505 2019 753 2123 Cottomirze,
784 2013 1024 2134 presentibus
1055 2013 1204 2134 publius
1223 2032 1479 2136 protestamur
1514 2014 1760 2110 limitationes
1784 2021 1880 2112 iuter
1900 2023 1967 2112 be·

334 2131 525 2242 rediletes,
545 2149 715 2226 nostram
736 2135 880 2224 seilicet
902 2137 1151 2242 Cotlomt'rze,
1183 2151 1221 2228 et
1240 2139 1395 2231 fratrum
1424 2136 1474 2227 de
1492 2135 1685 2256 Byssovia
1716 2145 1854 2226 Vozriro
1876 2169 1967 2228 nun·

335 2267 522 2372 eupolum,
553 2255 673 2344 laetas
703 2247 780 2368 (²),
811 2284 885 2372 que
912 2285 957 2344 se
986 2253 1192 2344 extendunt
1220 2285 1243 2342 a
1272 2253 1420 2362 rubeto,
1449 2255 1551 2374 quod
1578 2255 1713 2347 dicitur
1745 2261 1969 2348 dlamnkm

333 2401 455 2492 usque
475 2369 525 2460 ad
545 2372 721 2490 paludem
743 2377 956 2476 Zmoot'te,
988 2387 1025 2459 et
1045 2373 1190 2460 directe
1209 2402 1280 2490 per
1297 2373 1476 2492 paludem
1498 2403 1618 2493 usque
1638 2372 1688 2460 ed
1709 2379 1870 2491 Sdroqe‚
1896 2405 1970 2466 neu

333 2517 411 2579 nou
438 2502 476 2578 et
502 2487 647 2610 gades,
678 2489 917 2606 presentibus
944 2487 1179 2578 inirenotatis
1207 2489 1319 2594 viris,
1349 2489 1499 2578 anobis
1520 2506 1558 2578 et
1577 2493 1627 2578 ab
1648 2491 1785 2580 abbate
1800 2491 1969 2610 prediolo

334 2601 471 2714 dumus
492 2605 718 2696 indistricto
740 2605 923 2692 dictarum
943 2603 1206 2694 limitaoionum
1226 2607 1390 2724 positas,
1421 2636 1493 2694 nos
1515 2623 1618 2696 ratas
1640 2637 1687 2694 ee
1707 2607 1837 2698 firmus
1862 2609 1968 2698 hebi·

335 2715 460 2832 luros,
489 2725 669 2844 ipsasque
688 2754 712 2812 a
733 2723 855 2828 nobis,
875 2721 1060 2840 epreleto
1080 2723 1196 2813 lretre
1218 2735 1349 2812 nostro
1372 2721 1450 2814 Wo
1478 2721 1591 2827 eeoh,
1606 2739 1644 2812 et
1663 2753 1687 2810 e
1703 2727 1867 2859 posteris
1886 2729 1970 2816 sivo

334 2840 804 2948 suecessoribus-'nostris
834 2871 922 2958 ymo
952 2841 1073 2930 eciam
1094 2869 1118 2930 a
1138 2839 1428 2930 suecessoribus
1448 2753 1573 2962 lintris
1594 2855 1724 2947 nostru,
1743 2841 1862 2930 lelieis
1889 2873 1969 2930 me-

335 2959 463 3070 morie,
484 2957 572 3050 dieti
593 2957 764 3068 Zdrelilr‚
785 2959 1032 3078 promittimus
1053 2975 1090 3048 et
1110 2989 1199 3048 esse
1219 2959 1393 3052 volumus
1419 2955 1711 3066 irrevocabiles,
1742 2959 1969 3052 irreiterabi-

336 3073 392 3168 les
430 3093 468 3170 et
497 3076 728 3168 inviolabiles
758 3091 940 3198 perpetue
973 3107 1255 3196 permansuras
1316 3075 1360 3166 ln
1379 3077 1491 3198 hujus
1511 3075 1565 3164 rei
1580 3093 1767 3195 perpetue
1787 3077 1970 3168 lirmitetis
2057 3156 2063 3183 ,

335 3196 604 3304 testimonium,
624 3211 821 3317 presentes
841 3211 973 3285 nostro
994 3193 1117 3316 sigillo
1139 3195 1335 3316 pronubis
1356 3213 1392 3286 et
1410 3194 1583 3316 predicto
1602 3197 1718 3285 lratre
1734 3212 1876 3286 nostro:
1906 3203 1968 3309 eo,
2040 3239 2051 3275 ι

335 3311 438 3434 quod
465 3313 591 3404 mlius
612 3314 774 3438 sigillum
795 3343 870 3404 non
891 3313 1038 3422 hebuit,
1071 3315 1157 3434 quio
1184 3315 1342 3432 juvenis·
1369 3307 1540 3432 predicto
1561 3311 1699 3416 abbati,
1720 3313 1873 3520 suispue
1892 3315 1969 3404 ira·

335 3431 453 3522 tribus
473 3433 694 3524 tradidimus
716 3433 991 3521 communitum.
1031 3432 1131 3522 Aeto
1150 3449 1238 3521 sunt
1257 3431 1329 3520 beu
1348 3462 1449 3520 enno
1469 3429 1623 3520 Domini
1644 3427 1702 3520 Μο
1725 3429 1792 3520 CC
1830 3427 1968 3538 ⁰XV⁰,

334 3547 426 3640 Vlll
455 3549 653 3641 Kalendas
683 3549 937 3670 Septembris,
977 3549 1216 3670 presentibus
1248 3551 1330 3668 hys:
1358 3547 1564 3640 Vincenoio
1585 3547 1779 3662 Boeotia,
1819 3547 1969 3640 Jeoobo

335 3665 471 3758 iudice
499 3669 547 3758 de
568 3674 716 3784 bosane,
757 3669 814 3788 Zy
846 3669 881 3758 in
911 3669 959 3760 de
992 3675 1137 3786 Lpsoo,
1166 3667 1365 3786 Woyeech
1396 3667 1445 3756 de
1472 3675 1601 3758 Peztair
1622 3663 1698 3782 (³),
1730 3667 1967 3760 Wenoezlao

336 3781 561 3878 Kamerario
581 3789 721 3895 Ducis,
752 3804 789 3878 et
804 3700 888 3879 aliis
909 3819 1020 3910 quem
1042 3787 1209 3908 pluribus
1228 3781 1305 3876 lide
1326 3783 1465 3908 dignis.

378 4145 380 4150 .
437 4105 478 4188 (¹)
505 4103 552 4171 Ex
568 4105 727 4192 ambetypo
743 4105 988 4182 membranaceo,
1011 4101 1092 4192 quod
1108 4103 1138 4170 in
1154 4103 1301 4203 tabulario
1319 4099 1532 4202 Pospaniensis
1546 4065 1716 4199 provinciae
1729 4099 1883 4252 privilegia
1898 4099 1968 4167 sub·

336 4187 463 4268 tntum
490 4189 703 4285 wenpbiorum
723 4192 899 4258 oontinonte
918 4199 1105 4266 meudun,
1133 4189 1292 4274 desumpsit
1310 4189 1429 4256 toene
1466 4186 1686 4272 Stronwtrlolrn
1753 4185 1823 4271 rpllr
1848 4185 1967 4273 sbrnptl

337 4282 478 4440 superell
491 4273 622 4423 ulleillit⁰¹3
632 4290 924 4422 otbiriidilzeldirilorii
940 4365 971 4422 ot
984 4355 1114 4440 regionis
1127 4355 1360 4503 llpdgostiensip,
1378 4355 1515 4452 Wodeyp
1529 4353 1648 4452 ibidem.
1784 4438 1792 4454 ο
1944 4439 1952 4454 .

450 4443 476 4524 ³)
505 4441 650 4516 Lenaeus,
672 4439 792 4506 Ltaeoo
815 4449 845 4506 ot
859 4439 959 4506 forsan
974 4439 1102 4537 Putabo,
1115 4439 1153 4537 yrl
1166 4461 1202 4506 ne
1214 4447 1355 4506 territoru
1369 4439 1607 4524 Bydgostrensrs,
1625 4437 1732 4504 ambae
1747 4457 1860 4525 priores
1879 4439 1967 4504 Junr·

338 4525 599 4602 wladislaviensis‚
613 4525 760 4612 posterior
771 4523 996 4632 Bydposdensis
1007 4544 1147 4609 regionis.
