4926 5940
1136 689 1413 766 -390-

461 904 516 994 ris
536 897 669 990 ordine
688 909 843 984 seruato
863 893 924 983 uel
945 919 1022 980 non
1042 907 1213 998 seruato,
1243 891 1402 1096 sinqulis
1422 889 1556 982 diebus
1577 889 1774 981 dominicis
1795 907 1834 982 et
1853 894 2007 1002 tessun,
2036 900 2091 988 ιθ.

460 1021 564 1112 riatis
584 1031 622 1104 et
641 1045 716 1102 non
737 1013 896 1121 leriatiS,
926 1011 1074 1102 vocatis
1093 1013 1214 1100 eciam
1234 1009 1290 1099 ari
1333 1040 1381 1099 oc
1400 1009 1586 1129 partibus,
1607 1011 1668 1100 uel
1689 1041 1765 1101 110„
1785 1014 1950 1120 vocatis,
1972 1017 2090 1106 eciam

461 1140 554 1257 ipsis
586 1135 647 1224 uel
676 1163 804 1222 earum
833 1131 954 1220 altera
982 1131 1140 1220 absente
1160 1129 1221 1216 uel
1242 1142 1436 1249 presente,
1467 1126 1605 1218 stando
1626 1128 1687 1218 uel
1706 1130 1899 1238 sedendo,
1930 1134 1966 1222 in
1994 1157 2090 1247 quo·

462 1281 622 1368 cumque
644 1253 748 1360 loco,
779 1251 840 1340 uel
861 1250 947 1338 loco
968 1249 1060 1354 loci,
1090 1249 1150 1336 uel
1171 1277 1409 1368 quacumque
1429 1247 1642 1366 prouincia,
1679 1249 1739 1336 uel
1761 1249 1928 1358 diocesi,
1960 1267 1998 1342 et
2017 1253 2092 1344 boo

460 1376 554 1464 iulra
574 1374 661 1462 binc
681 1385 720 1460 et
740 1401 810 1459 sex
830 1399 982 1458 menses
1002 1366 1203 1473 inolusiue;
1235 1369 1392 1485 ipseque
1412 1382 1558 1483 partes:
1580 1364 1769 1472 decanus
1792 1371 1983 1489 ceterique
2003 1401 2091 1489 pre·

462 1494 526 1582 lati
546 1507 584 1582 et
602 1491 777 1580 oenomci
798 1519 845 1576 ex
866 1517 957 1594 una,
989 1501 1027 1576 et
1047 1486 1263 1606 prepositus
1284 1487 1416 1604 prelati
1437 1485 1520 1598 (sic)
1542 1515 1588 1572 ex
1609 1485 1680 1572 elia
1709 1488 1878 1604 pertibus
1908 1491 2090 1602 promise-

461 1625 564 1718 runt,
595 1625 633 1698 et
668 1608 819 1728 quilibet
847 1635 979 1696 eorum
1008 1605 1196 1723 promisit,
1227 1605 1477 1709 sentenciam,
1507 1603 1697 1692 arbitrium
1728 1635 1796 1693 seu
1827 1605 1977 1694 laudum
2009 1609 2090 1696 siue

425 1729 840 1849 rpronuucciacionem
876 1722 1087 1814 huiusmodi
1123 1725 1342 1842 peripsum
1380 1721 1569 1810 dominum
1611 1722 1882 1812 Strzeskonem
1916 1724 2089 1826 larenda,

429 1913 434 1928 ,
461 1845 689 1966 emulgenda
709 1847 978 1964 imperpetuum
994 1843 1076 1956 (sio)
1093 1857 1220 1932 tenere
1236 1871 1283 1932 ac
1299 1843 1526 1930 inconcusse
1544 1855 1581 1930 et
1596 1841 1856 1930 inuiolabiliter
1871 1843 2089 1948 obseruare,

353 1991 360 2002 ’
461 1996 533 2054 nec
553 1966 603 2056 ab
624 1963 758 2052 cedem
773 1963 872 2052 velle
886 1991 1063 2080 umquam
1080 1961 1206 2097 aliquo
1222 1975 1401 2078 tempore,
1418 1960 1553 2078 quouis
1568 1962 1714 2070 quesite
1731 1961 1871 2066 colore,
1888 1961 2091 2078 appellare,

461 2085 533 2172 sub
560 2111 658 2203 peno
688 2082 784 2170 mille
815 2081 1041 2180 llorenorum
1072 2109 1153 2168 eurr
1182 2080 1264 2192 puri
1285 2079 1334 2166 de
1356 2107 1508 2168 camera
1529 2079 1615 2166 iusti
1646 2093 1684 2166 et
1703 2078 1790 2166 boui
1819 2081 2024 2196 ponderis:
2055 2080 2091 2166 in

460 2231 574 2308 casu,
606 2199 708 2312 quod
737 2199 854 2302 absit,
886 2200 918 2288 si
948 2198 1077 2316 aliquo
1106 2227 1196 2314 pars
1226 2196 1409 2284 dictarum
1439 2196 1605 2313 parcium
1627 2196 1725 2286 dicte
1745 2199 1958 2304 sentencie,
1990 2197 2092 2286 arbi-

461 2319 557 2424 trio,
588 2315 702 2406 laudo
722 2317 805 2406 siue
824 2315 1155 2430 prouunooiaoioni
1175 2315 1212 2400 in
1233 2330 1311 2404 toto
1333 2313 1396 2402 uel
1417 2316 1454 2402 in
1474 2314 1600 2433 aliqua
1621 2317 1679 2403 sui
1699 2328 1808 2432 parte
1838 2331 2091 2404 contrauene·

462 2439 527 2542 rit,
543 2449 680 2525 extunc
700 2434 796 2522 mille
817 2434 986 2524 llorenos
1013 2435 1097 2520 auri
1123 2435 1276 2522 incurrit
1304 2447 1342 2520 et
1361 2432 1488 2520 incidit
1509 2435 1594 2549 ipso
1627 2434 1747 2536 lacto,
1778 2435 1887 2550 cujus
1909 2433 2091 2522 medieta-

459 2571 533 2646 tem
550 2554 804 2674 partitenenti,
816 2551 971 2644 etaliam
988 2549 1224 2642 medietatem
1241 2552 1404 2642 ecclesie
1419 2551 1635 2640 lanciciensi
1651 2551 1832 2669 predicte,
1847 2582 1920 2670 pro
1937 2552 2090 2656 fabrica,

460 2671 759 2762 irremissibiliter
784 2671 1005 2787 persoluere
1037 2671 1238 2760 tenebitur:
1274 2669 1325 2758 ml
1355 2699 1468 2788 quam
1496 2670 1615 2758 eciam
1644 2687 1720 2758 tam
1752 2701 1821 2786 per
1850 2670 2088 2776 ordinarium,

461 2821 573 2910 quam
605 2789 821 2908 delegatum
852 2819 920 2878 seu
949 2789 1060 2878 alium
1088 2817 1361 2906 quemcumque
1375 2786 1544 2905 judicem
1565 2789 1646 2876 siun
1667 2791 1939 2894 comissarium,
1961 2803 1999 2875 et
2021 2817 2090 2904 per
2213 2875 2214 2878 r

459 2912 658 3025 ipsummet
677 2907 866 2998 dominum
887 2907 1158 2996 Strzeslronem
1180 2909 1339 3024 potuerit
1361 2917 1398 2994 et
1418 2905 1533 2994 debet
1553 2905 1788 2994 addendum
1810 2922 1847 2995 et
1866 2906 2089 2996 soluendum

462 3026 644 3143 compelli.
666 3025 818 3139 Quibus
837 3028 970 3131 eciam,
988 3041 1062 3114 tam
1083 3027 1200 3141 penis,
1221 3057 1334 3141 quam
1349 3024 1585 3139 jurisdicioni
1608 3023 1717 3125 dicte,
1739 3041 1869 3143 partes
1889 3055 1935 3112 se
1955 3039 2090 3142 sponte
2233 3028 2238 3037 '

462 3157 500 3236 et
530 3143 738 3234 voluntarie
758 3145 1028 3244 submiserunt,
1058 3157 1095 3230 et
1127 3144 1289 3262 quelibet
1317 3174 1446 3232 oerum
1467 3175 1512 3232 se
1535 3143 1723 3251 submisit,
1744 3146 2030 3232 renuncciantes
2052 3159 2091 3230 et

461 3263 612 3382 quilibet
632 3263 1031 3361 eorumreounccians
1053 3261 1225 3352 omnibus
1246 3263 1452 3382 privilegijs
1473 3263 1617 3368 statuti,
1632 3263 1747 3378 juris,
1769 3276 1808 3348 et
1829 3261 1997 3370 canonis,
2019 3291 2093 3348 nec

460 3410 536 3470 non
557 3379 704 3500 legibus
725 3409 772 3467 ao
792 3380 875 3497 alijs
908 3381 1084 3498 remedijs
1120 3380 1428 3494 quibuscumque.
1470 3380 1596 3498 Super
1616 3381 1751 3500 quibus
1773 3383 1945 3470 omnibus
1966 3393 2005 3466 et
2018 3381 2092 3468 sin-

460 3499 584 3618 gulis,
620 3498 719 3590 dicte
740 3513 869 3615 partes
899 3529 923 3586 a
950 3531 1020 3601 me,
1048 3501 1194 3588 notario
1224 3501 1386 3618 publico,
1409 3499 1602 3617 pecierunt
1624 3499 1694 3588 sibi
1714 3498 1851 3588 conliei
1888 3530 2003 3586 unum
2030 3497 2092 3586 uel

381 3665 389 3680 ·
462 3615 591 3735 plura,
612 3616 799 3736 publicum
819 3649 889 3706 seu
909 3617 1077 3735 publica,
1099 3617 1379 3708 instrumentum
1401 3647 1469 3706 seu
1492 3619 1747 3708 instromenta.
1791 3618 1890 3706 Acta
1911 3631 1998 3705 suot
2018 3617 2092 3704 bec

462 3763 586 3836 muno,
608 3733 811 3838 indicione,
833 3734 1060 3851 pontificatu,
1082 3734 1153 3838 die,
1175 3767 1321 3843 mense,
1342 3737 1438 3826 bora
1460 3749 1497 3822 et
1518 3734 1622 3844 loco,
1645 3737 1779 3853 quibus
1799 3763 1930 3852 supra.
1993 3735 2091 3821 Pre-

462 3850 814 3942 sentbusoiscreris
827 3854 926 3953 viris,
944 3851 1113 3942 dominis:
1127 3852 1338 3942 Helmanno
1355 3870 1391 3942 et
1408 3857 1536 3954 Petro,
1544 3857 1696 3972 vicarijs
1713 3853 1812 3940 dicte
1829 3854 1990 3942 ecclesie
2005 3853 2088 3938 lcu-

462 3971 651 4071 cetensis,
674 3969 795 4060 Paulo
816 3969 865 4061 da
883 3976 1045 4060 Scrowo
1066 3969 1126 4083 (⁴)
1148 3987 1185 4059 et
1199 3969 1362 4061 Nicolao
1380 3971 1429 4060 de
1447 3977 1651 4077 Graeceio,
1673 3973 1828 4089 notarijs
1850 3971 2088 4091 publicisne

463 4086 624 4184 Nicolao
646 4088 796 4206 Stoszy,
818 4089 1015 4207 capellano
1037 4091 1169 4206 prelati
1189 4089 1330 4178 domini
1351 4092 1551 4209 prepositi,
1583 4092 1744 4178 testibus
1764 4093 1867 4178 circa
1888 4088 2083 4207 premissa.

462 4205 511 4299 Et
539 4237 615 4328 ego
645 4205 859 4332 Gregorius
886 4209 998 4298 Pauli
1018 4208 1067 4298 tle
1087 4214 1245 4309 Meleon,
1277 4211 1439 4298 clericus
1460 4210 1687 4329 gneznensis
1707 4207 1884 4315 diocesis,
1906 4208 2088 4326 publicus,

301 4361 309 4368 ·
463 4326 640 4441 imperiali
661 4328 896 4434 auctoritate,
917 4329 1095 4418 notarius:
1132 4327 1233 4441 Quia
1255 4327 1431 4446 predictis
1451 4329 1746 4447 compromisso,
1763 4327 1878 4414 laudo
1894 4342 1934 4414 et
1950 4325 2091 4414 ratibo-
2165 4355 2169 4363 ’

465 4443 621 4551 ticoni,
641 4443 799 4562 ntjsque
819 4445 993 4536 omnibus
1014 4459 1052 4536 el
1071 4447 1231 4567 siugulis
1252 4447 1457 4566 premissis,
1476 4445 1565 4534 dum
1586 4448 1644 4536 sic
1663 4447 1795 4538 iterem
1815 4458 1854 4532 et
1874 4455 2091 4566 agerentur,

566 4743 608 4826 (⁴)
638 4745 776 4811 Fortasse
794 4743 929 4822 Sacrana,
942 4747 1026 4834 cujus
1041 4739 1172 4814 nominis
1185 4747 1264 4816 duas
1278 4731 1438 4814 occurrunt
1451 4749 1537 4816 villae
1553 4751 1583 4814 in
1599 4749 1752 4835 provincia
1768 4746 1957 4823 Calissiensi,
1984 4752 2015 4812 et
2026 4745 2091 4832 qui-

465 4828 535 4896 dem
552 4829 582 4896 in
597 4831 748 4896 territorio
763 4831 952 4912 Colissiensi,
979 4833 1101 4918 regione
1118 4835 1289 4912 Wartensi,
1312 4834 1455 4901 nimirum
1472 4831 1596 4900 Secreto
1606 4835 1719 4920 part-elci
1732 4842 1762 4899 et
1778 4831 1904 4898 ›Szorow
1917 4833 2014 4918 aucep.
2038 4849 2042 4854 '
