4878 5942
1177 797 1449 874 -270-

393 1077 396 1084 .
513 1033 594 1094 rum
613 1031 697 1092 cum
715 1001 860 1121 piscina
890 995 985 1088 inlra
1005 998 1184 1116 piscinam
1204 1013 1239 1090 et
1260 996 1508 1088 molendinum
1529 1013 1708 1088 nostrum.
1737 997 1867 1088 Eaiem
1888 997 2023 1088 damus
2041 999 2111 1090 sibi

406 1155 411 1162 ·
513 1139 551 1212 et
569 1151 637 1210 sue
655 1119 860 1238 posteritati
890 1120 1041 1207 tercium
1061 1116 1254 1208 denarium
1283 1116 1332 1204 de
1345 1117 1498 1236 judicio,
1528 1115 1675 1206 duobus
1706 1115 1883 1206 duntaxat
1912 1149 1982 1236 pro
2003 1119 2111 1210 nobie

511 1239 723 1330 resematis.
744 1235 958 1356 Excipimus
977 1251 1110 1340 mmen,
1131 1235 1231 1356 quod
1253 1234 1373 1326 dictus
1394 1236 1572 1324 scultetus
1593 1248 1630 1322 et
1649 1237 1706 1324 sui
1726 1238 1864 1354 posteri
1885 1235 2025 1326 debent
2042 1267 2110 1328 nu·

512 1359 569 1446 bis
589 1372 626 1446 et
646 1357 783 1445 nostris
814 1354 1100 1444 successoribus
1130 1355 1271 1443 seruire
1300 1353 1351 1442 ad
1372 1353 1649 1474 expedicionem
1681 1365 1764 1441 o'um
1785 1384 1859 1442 uno
1889 1353 2054 1444 hastario
2074 1357 2110 1444 in

513 1506 612 1598 equo
632 1475 769 1564 valenti
788 1504 857 1562 sex
880 1503 1028 1562 marcas
1048 1473 1189 1563 usualis
1208 1487 1357 1562 monete
1377 1474 1413 1560 in
1434 1486 1534 1560 terra
1556 1473 1789 1587 Cuyauiensi,
1810 1487 1847 1560 et
1866 1475 1990 1562 omnia
2008 1475 2111 1562 luce·

511 1625 553 1682 re
574 1595 654 1682 iura
674 1591 878 1682 secundum
909 1588 1011 1710 quod
1032 1592 1149 1710 ipsum
1170 1591 1450 1694 Tbeutcnioum,
1481 1620 1555 1710 quo
1578 1590 1721 1678 Ciuitas
1740 1590 1956 1680 Brestensis
1977 1607 2034 1680 est
2053 1589 2108 1682 lo·

398 1807 405 1833 ⁹
512 1727 609 1820 cata,
624 1714 689 1830 jus
708 1711 873 1828 requirit.
902 1711 1083 1799 Preterea
1111 1725 1151 1798 ut
1171 1739 1217 1798 ec
1238 1711 1354 1798 cicius
1373 1708 1542 1826 predicta
1561 1708 1647 1795 uilla
1676 1709 1863 1797 locaretur
1880 1709 1973 1823 (sic),
1992 1711 2109 1799 omni-

399 1848 403 1861 '
511 1831 583 1920 bus
603 1843 640 1918 et
660 1829 816 1950 singulis
835 1827 1095 1916 lrmetbcnibus
1124 1826 1291 1946 predicte
1311 1828 1395 1916 ville
1424 1856 1447 1914 a
1468 1826 1554 1915 data
1575 1827 1739 1944 presenti
1768 1825 1818 1915 ad
1838 1825 1969 1917 decem
1989 1858 2109 1922 annos

403 1960 407 1971 '
511 1949 644 2037 damus
664 1963 702 2036 et
720 1943 959 2036 concedimus
982 1945 1229 2034 omnimodam
1250 1945 1474 2034 libertatem:
1495 1975 1568 2064 qua
1585 1945 1724 2064 elapsa,
1740 1959 1874 2035 extunc
1892 1945 2110 2056 kmetbonas

511 2065 667 2186 predicti
697 2065 744 2152 da
766 2063 930 2184 quolibet
949 2093 1092 2169 manso,
1112 2094 1261 2182 semper
1279 2063 1315 2150 in
1336 2065 1431 2152 lesto
1460 2063 1559 2151 beati
1578 2063 1736 2161 lllartini,
1767 2063 1874 2152 nobis
1895 2079 1933 2152 et
1950 2067 2110 2184 posteris

512 2185 650 2274 nostris
670 2211 739 2302 pro
759 2212 875 2270 censu
906 2195 944 2270 et
972 2180 1118 2270 decima
1148 2211 1196 2270 ac
1216 2181 1318 2269 totali
1339 2182 1529 2270 solucione
1558 2211 1627 2300 per
1647 2181 1775 2270 decem
1806 2196 1843 2270 et
1862 2197 1950 2272 octo
1981 2197 2109 2274 scotos
2263 2243 2268 2254 ι

512 2303 696 2394 currentis
725 2315 873 2389 monete
904 2301 939 2386 in
961 2314 1061 2388 terra
1081 2300 1305 2416 Cuyauiensi
1325 2301 1483 2388 soluent.
1514 2299 1557 2388 ln
1578 2301 1702 2389 causis
1732 2301 1992 2406 criminalibus,
2011 2310 2110 2420 puta*
2232 2385 2236 2392 .

511 2421 605 2526 lurti,
625 2433 662 2507 et
682 2420 718 2506 in
737 2417 820 2536 alijs
840 2419 1119 2538 quibuscunque
1149 2418 1242 2506 inlra
1262 2418 1393 2507 limites
1413 2419 1529 2536 ipsius
1548 2417 1772 2526 hereditatis,
1793 2417 2000 2536 judicandi,
2020 2450 2109 2509 con·

511 2536 735 2656 dampnandi
756 2538 855 2624 iuxta
876 2539 995 2654 ipsam
1009 2538 1074 2654 jus
1095 2535 1344 2624 theutonicum
1365 2552 1401 2626 et
1419 2536 1594 2654 puniendi
1614 2533 1781 2644 sculteto,
1801 2538 1862 2648 qui
1883 2566 1952 2656 pro
1973 2553 2111 2656 tempo·

509 2689 553 2744 ro
571 2657 688 2760 luerit,
709 2653 841 2744 domm
861 2652 1111 2744 omnimodam
1131 2654 1353 2756 facultatem.
1387 2656 1558 2744 Ceterum
1580 2655 1785 2774 pradictum
1800 2654 1987 2745 Tilcnnem
2008 2657 2108 2744 scul-

510 2789 634 2882 tetum,
654 2775 980 2892 posteritatemque
999 2801 1105 2861 suam
1134 2786 1329 2892 perpetuo,
1358 2803 1406 2862 ac
1426 2773 1645 2864 lrmetbonas
1665 2773 1763 2864 dicte
1777 2773 1861 2864 ville
1880 2773 2109 2866 absoluimus

509 2908 547 2984 et
564 2893 764 2982 liberamus
782 2891 832 2982 ab
852 2891 1021 2982 omuibus
1034 2891 1180 3008 juribus
1200 2891 1477 3009 polonicelibus,
1491 2891 1715 3010 judicijsqua
1746 2921 1795 2980 ao
1806 2889 2109 3011 jurisdicionibus
2160 2907 2166 2920 '

510 3012 808 3125 quibuscunque,
845 3033 1150 3124 quorumcunque
1180 3011 1499 3118 castellanorum,
1525 3010 1786 3128 palatinorum,
1823 3010 2108 3100 ministerialium

509 3127 2109 3366 tltttlttttt-ltntttltdtl{lltllttfflltltltltttt'ltlttl

510 3367 717 3484 Capitoneo
737 3365 928 3470 scultetus,
958 3366 1020 3482 qui
1040 3394 1109 3484 pro
1130 3381 1298 3485 tempore
1316 3365 1433 3470 luerit,
1446 3366 1533 3484 jure
1552 3391 1628 3479 quo
1649 3395 1775 3486 supra,
1796 3365 2013 3456 lrmetbones
2043 3395 2107 3454 ve·
2267 3449 2271 3458 .

509 3515 555 3574 ro
574 3513 703 3574 coram
722 3484 881 3574 scrrlteto
901 3484 973 3572 iam
994 3482 1090 3573 dicte
1110 3485 1195 3575 ville
1215 3484 1433 3576 tenebuntur
1462 3484 1705 3604 respondere.
1735 3483 1779 3574 ln
1798 3485 1903 3574 cuius
1932 3486 1986 3574 rei
2005 3487 2107 3576 testi·

510 3603 858 3739 munium3uostrum
878 3601 1039 3739 sigillpm
1058 3601 1228 3692 donnus
1243 3603 1479 3762 presenqibus
1494 3601 1791 3764 appendendum.
1812 3603 1911 3692 Data
1930 3603 1966 3692 in
1985 3609 2106 3741 Brest,

510 3718 1633 3977 tratto,tot„lucarnulentttntt
1655 3721 2107 3948 autumnali

380 3977 392 4042 s
510 3959 762 4079 Senczrucgro
792 3987 979 4078 agazoue,
1008 3957 1197 4048 Prrbccne
1226 3957 1493 4080 subagazone,
1523 3957 1726 4052 Vrlczcooe
1741 3959 2036 4054 Saudomiriensi
2067 3971 2105 4046 et

510 4077 703 4169 Dobeslao
725 4076 970 4168 Cracouiaosi
990 4075 1238 4195 subdapileris
1259 4091 1296 4167 et
1314 4077 1398 4196 alijs
1416 4076 1549 4186 multis.
1607 4137 1610 4146 ·
1779 4137 1782 4144 «
