4926 5940
1081 689 1357 762 ——429—

269 886 276 893 “
400 914 475 972 uua
506 914 590 972 orrur
620 890 816 975 memorati
837 885 976 976 donnini
994 885 1181 1009 Eprisoopi
1198 891 1467 983 executorissi
1500 893 1547 982 illi
1567 896 1821 1016 appensione,
1853 897 1902 986 ds
1931 927 2032 990 man·
2185 965 2188 972 ι

399 1001 490 1092 dato
511 1004 627 1138 ipsius
642 1004 779 1092 domini
800 1007 1029 1112 οκοσιιιονὶε,Ι
1048 1007 1195 1125 signaui
1211 1026 1370 1130 rogatus
1386 1011 1421 1100 in
1436 921 1549 1100 olen
1567 1015 1620 1123 (et
1634 1011 1882 1102 nuinouiurn
1898 1020 2031 1130 cunni)-

401 1151 462 1208 uor
483 1139 519 1212 et
539 1124 773 1241 singulorum
793 1127 1075 1244 promissorum.

1044 1439 1380 1558 ccclxxvtt
1472 1541 1476 1554 .
1574 1343 1580 1352 ἱ

433 1673 860 1772 wrauuraorae.
885 1695 1042 1762 anno
1068 1675 1212 1764 1422
1239 1678 1332 1764 ore
1352 1645 1428 1764 '12
1453 1681 1654 1798 manns
1678 1683 2000 1772 recrearer.

398 1875 618 1952 coccorano
637 1875 677 1949 to
692 1875 936 1952 conmoritur
965 1877 1038 1948 orta
1059 1877 1141 1952 tuter
1162 1877 1286 1954 Pruna
1310 1879 1351 1953 lo
1364 1881 1529 1971 [napum
1554 1887 1652 1976 atnoe
1675 1883 1826 1960 tauron
1847 1885 2032 1979 spiscopus

819 1997 824 2012 ¹
885 1979 1178 2056 monumen
1191 1985 1276 2069 orta,
1298 1983 1558 2076 conpositum.

499 2166 742 2258 Reuerendis
770 2170 814 2277 in¹
835 2169 986 2260 Christo
1014 2173 1184 2286 patribus
1213 2187 1253 2260 et
1279 2172 1459 2280 dominis,
1491 2172 1650 2262 dominis
1680 2173 1742 2262 del
1767 2190 1804 2264 et
1822 2177 2031 2295 apostolice

398 2285 502 2375 sedis
522 2289 671 2402 gracia:
692 2285 993 2403 Archiepiscopo
1015 2287 1247 2384 Gneznensi‚
1278 2321 1446 2380 necnon
1471 2290 1733 2381 Cracnuiensi.
1760 2291 2031 2395 Poznanieusi,

398 2401 725 2503 Wratislauieusl,
756 2401 935 2490 Plocensi
956 2419 993 2488 et
1013 2401 1232 2492 Lubuceusi
1251 2403 1476 2520 Episcopls,
1498 2424 1536 2493 et
1557 2437 1686 2496 eorurn
1709 2411 1747 2494 in
1769 2409 2031 2524 Spiritualibus

398 2519 581 2620 Vioari's,
612 2548 660 2606 ac
681 2517 866 2608 uniuersis
887 2535 925 2608 et
945 2518 1106 2636 siugulis
1131 2518 1360 2623 Abbatibus,
1391 2522 1610 2624 Prioribus,
1639 2523 1871 2637 Prepesitis,
1904 2528 2029 2618 Deca-

399 2639 477 2744 nis,
507 2551 816 2737 lualidiaeonis,
846 2635 1090 2741 Scolastiois,
1133 2636 1380 2743 Cantoribus,
1413 2637 1667 2742 Custodibus,
1697 2639 1897 2745 Sooristis,
1929 2643 2028 2732 Suc-

399 2755 617 2848 ceotcribus
649 2767 724 2842 tarn
753 2752 1042 2858 kathedraliurn,
1073 2783 1186 2872 quarn
1215 2755 1502 2874 collegiatarum
1536 2755 1741 2862 Canoniois
1771 2755 2029 2864 ecclesiarum,

398 2887 520 2992 quam'
534 2873 821 2988 parroolu'aliuur
841 2869 1092 2980 Rector'rbus,
1122 2887 1188 2962 aut
1206 2872 1294 2962 loco
1314 2875 1525 2962 tenentibus
1556 2872 1781 2980 eorundem,
1814 2879 2029 2998 ceterisque
2149 2911 2153 2918 ’
2186 2925 2194 2944 ·

388 3057 392 3066 .
425 2990 620 3091 nesbiteris
641 3006 680 3080 et
700 2990 850 3082 clericis
869 2991 1012 3080 curatis
1033 3003 1072 3080 et
1090 3019 1167 3080 nou
1187 2991 1351 3097 curatis,
1381 2992 1590 3096 Altaristis,
1621 2989 1812 3110 Vioarijs,
1836 2997 2029 3112 perpetuis

397 3023 633 3200 leueliciatis
653 3108 820 3214 clericis,
851 3105 1018 3226 Notarijs
1038 3124 1075 3196 et
1094 3109 1402 3200 Thebellionibus
1464 3110 1596 3198 ubliois
1630 3109 1928 3230 quibuscumque
1959 3143 2030 3228 per

399 3256 662 3348 qrrascuurque
689 3227 922 3342 provincias,
954 3229 1124 3316 ciuitates
1154 3244 1342 3318 eteorum
1372 3142 1461 3341 (siol
1477 3227 1655 3318 dioceses
1687 3242 1726 3316 et
1754 3229 1848 3318 alias
1878 3229 2030 3316 ubilibet
2059 3295 2063 3304 .

399 3349 620 3451 constitutis,
650 3361 688 3432 et
715 3373 844 3434 eorum
877 3345 1024 3434 cuilibet
1043 3347 1080 3434 iu
1101 3345 1282 3448 solidum,
1312 3346 1362 3434 ad
1383 3377 1515 3463 quem,
1545 3347 1606 3432 uel
1628 3343 1679 3432 ad
1700 3375 1799 3464 quus
1830 3360 2026 3463 presentes

399 3477 532 3554 nostre
551 3465 656 3554 litero
676 3463 931 3580 perueneriut,
950 3463 1121 3552 lacobus
1141 3463 1191 3554 de
1210 3469 1392 3550 Jezerslco'
1411 3463 1474 3576 (²)
1494 3465 1710 3580 prepositus
1731 3464 1894 3552 ecclesie
1915 3464 2028 3552 culle-

398 3582 503 3700 glate
523 3596 654 3670 sancte
674 3581 797 3672 Maris
815 3582 1069 3687 vneouiensiS,
1087 3581 1324 3670 Gnezueusis
1344 3581 1521 3685 diocesis,
1543 3596 1726 3668 executor
1747 3581 1854 3670 trium
1875 3597 2028 3670 senten·

399 3701 540 3788 ciarum
562 3699 834 3788 diffinitiuaruur
855 3729 925 3816 pro
946 3710 1055 3817 parte
1074 3698 1273 3788 reuerendi
1294 3701 1331 3786 in
1352 3699 1503 3790 Christo
1524 3701 1642 3817 patris
1659 3713 1696 3787 et
1711 3698 1865 3800 donini,
1888 3699 2025 3787 domini

398 3815 603 3925 lobannis,
625 3819 685 3906 dei
705 3819 836 3938 gracia
856 3817 1039 3936 Episcopi
1061 3817 1405 3923 Wladislauieosis,
1426 3831 1464 3908 et
1484 3833 1617 3908 contra
1638 3818 1792 3906 Petrum
1812 3816 1955 3904 Mathis
1976 3815 2027 3902 de

397 3942 580 4048 Lupstow,
601 3953 787 4027 assertum
809 3935 1006 4026 custodem
1027 3941 1331 4055 pozuauienseor,
1353 3967 1470 4053 super
1489 3937 1574 4024 villa
1598 3941 1700 4036 Orle,
1723 3963 1852 4020 mense
1873 3934 2024 4048 episco-

386 4053 496 4170 palis
514 4055 846 4159 wladislauiensis,
867 4085 935 4169 per
954 4071 1082 4144 certos
1102 4056 1201 4142 sacri
1223 4054 1371 4170 pallacij
1393 4053 1591 4169 apostolici
1612 4080 1812 4140 causarum
1833 4049 2025 4138 auditores

387 4170 638 4260 conformiter
658 4171 828 4274 latarum,
847 4199 920 4256 uno
942 4197 1026 4256 cum
1048 4173 1187 4258 nostris
1207 4170 1243 4256 in
1263 4169 1337 4256 hac
1358 4169 1656 4287 partacollegis,
1679 4164 1897 4283 persedens
1918 4169 2024 4284 Apo-

397 4289 568 4380 stolicom
604 4285 806 4403 deputatus
838 4298 876 4372 et
895 4287 1107 4402 specialiter
1141 4287 1360 4400 requisitus,
1391 4285 1548 4374 salutern
1580 4285 1616 4372 in
1637 4282 1790 4373 domino
1810 4313 1895 4372 cum
1917 4313 2025 4372 reue

498 4557 542 4640 (¹)
569 4558 615 4624 Ex
635 4555 797 4654 arohdypo
814 4554 1048 4654 nonnanacon
1069 4553 1208 4653 tebulnrii
1228 4551 1642 4653 capillulitlllsdislouiopsis
1677 4553 1830 4650 laeniolu·
1843 4571 2024 4650 parpanreoo

400 4659 531 4728 appenso
549 4649 628 4740 'sunt
649 4640 838 4789 unrlerrpptr
863 4639 959 4726 argilla
983 4659 1110 4706 mrooru
1126 4647 1156 4708 at
1170 4660 1264 4708 unum
1286 4637 1403 4706 mediae
1418 4637 1547 4724 lumea,
1570 4645 1671 4730 utaque
1692 4636 1780 4702 srmul
1803 4643 1906 4722 rrgrnlr
1919 4635 2024 4720 srgrlla,

399 4744 530 4810 quorum
549 4747 675 4811 rnsrgnra
702 4747 750 4791 orn
786 4733 871 4790 ecte

498 4807 538 4892 (²)
565 4808 684 4876 chiera
737 4809 803 4876 rillo
818 4809 962 4876 territorii
978 4807 1181 4886 Calissiensis,
1195 4806 1327 4893 regionis
1341 4827 1416 4873 vero
1433 4767 1613 4872 Wartenais
