4896 5926
1135 723 1409 801 ..134-

456 923 670 1030 scolastico,
698 923 873 1012 lohannc
893 937 1067 1027 cantore,
1093 921 1494 1028 Wladizluuiensibus3
1522 920 1698 1009 lohoune
1745 920 1925 1037 reposito,
1946 918 2089 1011 Albero

456 1042 626 1150 decano,
654 1040 869 1131 Theodrico
896 1043 1120 1150 scolastico,
1150 1041 1341 1132 Stonizlao
1364 1037 1676 1156 Archidyacono,
1707 949 1899 1126 dlemente
1921 1053 2087 1146 cantore,
2232 1093 2239 1102 -
2270 1077 2278 1097 ·

289 1229 293 1238 .
459 1161 803 1268 Crosuioiensibus,
832 1175 870 1248 et
889 1162 973 1280 alijs
993 1191 1105 1279 quam
1126 1161 1294 1278 pluribus
1314 1159 1389 1248 fido
1409 1158 1545 1280 dignis.
1655 1274 1658 1282 Ι

1132 1473 1351 1647 θ,οινι

622 1667 930 1850 synodoce,
957 1763 1114 1832 anno
1139 1740 1292 1828 1295
1319 1743 1413 1828 dic
1437 1739 1516 1832 29
1542 1741 1741 1826 menete
1766 1741 1921 1852 Muti.

456 1945 767 2020 wrnursrm
789 1947 859 2020 ltux
879 1944 1025 2039 ttujrrtor
1047 1949 1081 2018 ot
1101 1945 1263 2018 tmctotcr
1284 1943 1398 2018 ttrhrtt
1419 1945 1454 2017 rt
1474 1942 1643 2018 conrontut
1664 1942 1781 2016 orthio
1797 1943 2013 2022 ucuaeuu
2034 1941 2088 2018 Βι-

454 2047 632 2142 totorlenrh
657 2047 764 2122 rtttrm
790 2047 964 2114 suatum
987 2044 1275 2236 prfflrorntgpt‘p:
1294 2045 1530 2238 {mllio
1554 2044 1725 2118 teutonico
1750 2043 1944 2121 ttoritmmrt
1965 2043 2087 2120 otuu·

556 2369 599 2456 ln
627 2371 776 2459 nomine
804 2367 975 2473 Domini,
1004 2369 1137 2457 Amen.
1195 2370 1426 2458 Cunctorum
1456 2371 1551 2487 perit
1577 2370 1755 2458 memoria
1784 2369 1988 2476 lectorum,
2017 2372 2086 2460 nisi

455 2491 639 2607 scripture
662 2484 840 2602 presidio,
866 2485 926 2574 vel
948 2489 1093 2574 testium
1122 2487 1320 2575 aminiculo
1347 2487 1481 2574 luerint
1505 2488 1690 2606 insignita.
1740 2485 1824 2576 Nos
1845 2489 1958 2608 igitur
1979 2487 2095 2578 wo·-

453 2607 614 2712 dislaus,
644 2605 714 2692 Dei
742 2606 874 2724 gracia
901 2602 977 2692 dux
1006 2605 1193 2723 Coyavie,
1224 2604 1412 2723 Lanoyoie
1432 2633 1480 2693 ac
1501 2603 1665 2723 Syradie
1685 2620 1812 2694 notum
1833 2606 1987 2696 iacimus
2008 2619 2084 2694 tom

453 2724 708 2844 presentibus,
729 2751 851 2860 ‘quarn
872 2724 1022 2831 tuturis,
1059 2739 1275 2843 presentem
1304 2724 1484 2844 paginam
1513 2725 1757 2842 inspecturis:
1788 2723 1890 2846 quod
1910 2753 1999 2830 nos,
2032 2725 2084 2813 ob

451 2844 657 2932 remedium
677 2871 883 2930 ammarum
903 2843 1187 2978 progenitorum
1208 2855 1439 2949 nostrorum,
1467 2858 1709 2962 nostramque
1730 2841 1902 2948 salutem,
1929 2843 2098 2930 contuli..

452 2991 536 3051 mus
563 2961 700 3050 Abbati
729 2975 766 3048 et
788 2976 987 3049 conventui
1014 2961 1126 3049 beate
1152 2960 1273 3049 Mario
1302 2960 1350 3046 de
1376 2965 1541 3075 Suteqew
1557 2957 1629 3072 (2),
1660 2960 1787 3049 locare
1814 2959 1936 3052 villam
1964 2988 2083 3067 suam,

452 3075 670 3192 samono)
687 3077 894 3198 vulgariter
908 3077 1055 3186 dictam,
1072 3077 1305 3168 'lhcutonioo
1323 3080 1412 3184 iure,
1433 3081 1512 3168 iure
1529 3077 1671 3167 scilicet
1691 3079 1779 3190 novi
1800 3080 1880 3167 lori.
1910 3075 2083 3168 Eandem

451 3195 693 3287 hereditatem
723 3209 762 3284 et
781 3225 913 3284 omnes
933 3195 1166 3286 habitatores
1186 3195 1353 3286 eiusdem
1374 3198 1605 3288 absolvimus
1625 3212 1807 3318 perpetuo
1833 3200 1896 3286 ab*
1911 3197 2083 3287 omnibus

450 3315 620 3438 angarijs
650 3328 688 3403 et
713 3315 971 3435 preangarijs‚
1003 3317 1290 3424 vexaoiooibus,
1320 3316 1597 3424 exactionibus,
1628 3317 1786 3404 emersis
1814 3314 1888 3403 vel.¹
1904 3315 1952 3402 de
1980 3345 2083 3405 novo

451 3431 709 3555 emergendis,
736 3433 797 3521 vel
817 3435 855 3520 in
874 3433 1034 3538 loturum
1056 3435 1334 3555 emergentibus
1355 3435 1459 3548 (sic),
1489 3449 1527 3522 et
1547 3433 1596 3521 ab
1618 3435 1789 3522 omnibus
1810 3434 2081 3539 soluoionibus,

282 3565 285 3572 '
450 3550 693 3644 servitutibus
713 3549 1002 3668 polonioalibus,
1031 3565 1068 3640 et
1087 3553 1137 3640 ab
1158 3553 1257 3640 omni
1284 3553 1375 3672 iugo
1402 3553 1594 3641 tributarie
1619 3553 1826 3658 servitutis,
1856 3581 2082 3672 quocunque

322 3671 331 3692 ⁸
449 3667 640 3781 vocabulo
668 3681 912 3777 censeantur3
948 3699 1020 3757 nec
1048 3669 1098 3756 od
1128 3671 1285 3758 alicuius
1315 3667 1569 3777 audienciam,
1605 3671 1861 3790 cuiuscunque
1890 3667 2082 3790 dignitatis

448 3789 621 3894 existant,
641 3787 723 3876 sive
743 3787 904 3904 palatini,
925 3787 1006 3876 sive
1026 3787 1229 3896 castellani,
1251 3787 1471 3894 citabuntur,
1492 3790 1563 3876 nisi
1583 3787 1633 3876 ad
1654 3801 1821 3876 nostram
1843 3786 2081 3876 solummodo

447 3905 702 4010 audienciam,
731 3917 770 3992 et
787 3931 859 4023 per
881 3905 1037 3996 litterum
1063 3917 1232 3992 nostram
1261 3903 1386 4025 sigillo
1415 3919 1547 3994 nostro
1573 3905 1772 4030 sigillatum
1798 3906 2081 4024 comparebunh

447 4025 555 4113 aliter
580 4022 680 4112 citati
707 4049 897 4142 nunquam
924 4051 1147 4142 comparere
1168 4022 1401 4114 tenebuntur.
1453 4023 1495 4112 st
1516 4052 1608 4114 vero
1628 4053 1700 4142 per
1718 4021 1904 4112 delectum
1925 4025 2078 4130 iusticie,

448 4171 579 4232 coram
594 4172 667 4234 suo
681 4139 832 4248 abbate,
846 4139 907 4230 vel
919 4141 1115 4232 Sooltheto
1131 4141 1300 4260 ejusdem
1313 4141 1408 4248 ville„
1423 4141 1626 4263 aliquando
1641 4139 1739 4232 idem
1750 4140 1832 4255 (sic)
1849 4141 2080 4232 habitatores

447 4259 498 4350 ad
516 4275 684 4352 nostram
704 4257 938 4350 audiendiam
962 4260 1189 4370 oitabuntur;
1218 4259 1318 4348 idom
1338 4260 1472 4351 Abbas
1492 4291 1563 4380 pro
1584 4293 1638 4364 se,
1659 4275 1696 4348 et
1714 4260 1831 4349 domo
1850 4259 2079 4378 supradicta,

536 4507 588 4608 l‘l
613 4507 662 4576 Ex
686 4509 847 4610 archetypo
871 4510 1103 4610 membranaceo
1128 4511 1536 4611 doctissiminstronczydscii
1562 4512 1692 4599 proprio.
1733 4511 1900 4599 Descripsit
1922 4511 2004 4580 idem
2025 4511 2080 4578 Vir

447 4591 1666 4862 mffffitbffiidbfflbddbni'ffnbmffimmm
1769 4685 1778 4702 ⁶

445 4867 571 4918 mensu
585 4869 617 4916 ru
630 4847 803 4937 propinquo
817 4847 920 4938 oppidi
932 4847 1111 4935 Sulojoviao.

835 4765 842 4780 '
877 4763 945 4830 ville
958 4763 1036 4832 dicto
1059 4763 1233 4836 Sumam
1244 4765 1324 4836 uolo
1337 4765 1479 4836 territorii
1495 4763 1716 4851 Opoozuenois,
1737 4765 1898 4853 parochiae
1920 4765 2076 4836 biunna-

2436 5351 2440 5452 t
