4926 5940
1101 721 1146 734 —
1199 682 1275 755 474
1328 719 1373 734 ·-··

426 882 661 972 Wladislaus
692 882 904 1000 prepositus
945 881 1104 970 eandem
1133 882 1255 972 villam
1285 913 1368 970 cum
1399 881 1544 968 decimo
1574 909 1621 966 ex
1641 897 1749 998 parte
1782 883 1931 999 capituli
1963 913 2047 1002 pre-

424 1001 511 1089 dicti
533 1002 670 1089 tenebit
691 1004 724 1086 in
747 999 947 1104 arandam,
980 999 1228 1118 quoadusque
1249 1002 1462 1117 prepositus
1491 1000 1607 1116 ipsius
1629 1000 1790 1088 ecclesie
1811 1001 2049 1092 lanciciensis

424 1120 552 1205 luerit:
574 1118 759 1205 soluendo
781 1119 942 1233 capitulo
965 1148 1033 1236 pro
1055 1147 1177 1202 armua
1200 1120 1382 1233 pensione
1409 1117 1457 1202 de
1478 1147 1544 1222 ea,
1577 1132 1613 1204 et
1633 1149 1702 1236 pro
1724 1117 1870 1204 decima
1890 1120 2048 1238 singulis

425 1237 532 1323 annis
554 1252 696 1352 septem
720 1237 923 1329 marcasio
946 1251 1095 1321 moneta
1117 1237 1297 1339 currenti,
1325 1251 1537 1348 etsnumero
1560 1235 1758 1350 polonicali
1780 1237 1815 1322 in
1837 1237 1950 1322 certis
1971 1253 2046 1324 ter-

424 1353 541 1458 minis,
563 1356 599 1440 in
621 1351 830 1439 huiusmodi
853 1352 1058 1442 concordia
1080 1351 1279 1470 descriptis
1313 1381 1383 1470 per
1410 1382 1481 1437 nos
1511 1353 1583 1440 sibi
1604 1367 1641 1440 et
1662 1353 1859 1471 deputatis.
1905 1353 2047 1440 Verum

423 1472 509 1590 quia
530 1472 565 1558 in
586 1471 754 1589 predicta
778 1471 982 1557 eoncordia
1003 1502 1071 1588 per
1092 1473 1162 1556 nos
1184 1486 1379 1586 exceptum
1401 1471 1614 1586 specialiter
1641 1485 1678 1558 et
1697 1484 1931 1561 reservatum
1953 1472 2046 1559 exti-

422 1593 476 1674 tit:
519 1588 690 1703 Quodsi
713 1588 834 1674 dictus
865 1588 1036 1674 dominus
1069 1585 1303 1674 Wladislaus
1331 1589 1546 1705 prepositus
1575 1588 1669 1674 inlra
1705 1589 1903 1676 decursum
1933 1590 2044 1678 unius

421 1701 909 1823 comprobarepotuisset
940 1737 1009 1823 per
1038 1718 1155 1792 testes
1182 1703 1376 1822 ydoneos,
1408 1719 1472 1791 aut
1500 1705 1647 1810 literas,
1687 1736 1755 1793 seu
1786 1735 2042 1825 quascumque

420 1824 672 1940 probaciones
694 1825 787 1912 alias
808 1853 935 1910 coram
957 1823 1077 1928 nobis,
1098 1823 1213 1910 luisse
1235 1828 1272 1910 'et
1292 1853 1380 1910 esse
1401 1821 1449 1910 de
1469 1823 1699 1940 proprietate
1719 1853 1788 1910 sue
1806 1825 2041 1941 prepositure

229 2015 233 2023 .
339 1971 344 1985 ¹
420 1940 557 2029 dictam
578 1941 780 2044 decimam,
813 1957 949 2028 extunc
969 1943 1051 2058 ipse
1072 1943 1303 2059 prepositus,
1335 1953 1372 2025 et
1391 1969 1461 2024 sua
1483 1941 1730 2058 prepositura,
1752 1941 1912 2028 eandem
1940 1939 2042 2028 deoi-

419 2089 518 2145 mam
540 2061 860 2177 improprietatem
882 2059 1038 2146 baberet
1065 2071 1102 2144 et
1123 2058 1263 2146 babere
1285 2058 1438 2145 deberet
1459 2059 1693 2174 temporibus¹
1711 2049 1754 2144 in*
1768 2089 1865 2144 ewm
1887 2058 2042 2145 duratu-

419 2177 492 2282 ris,
514 2192 551 2262 et
572 2176 620 2264 de
640 2179 749 2262 unica
771 2177 853 2264 sola
873 2177 958 2262 villa
980 2176 1149 2291 predicta
1169 2178 1319 2262 soluere
1340 2175 1495 2263 deberet
1513 2176 1672 2292 capitulo
1695 2177 1858 2293 quinque
1879 2184 2043 2281 marcas,

420 2295 496 2396 sic,
517 2309 555 2378 ut
579 2295 814 2410 premittitur,
846 2293 1003 2410 singulis
1028 2293 1135 2380 annis
1164 2323 1234 2410 pro
1254 2323 1380 2379 annua
1409 2295 1606 2409 pensione:
1637 2308 1746 2408 prout
1766 2291 1838 2378 beo
1859 2295 1983 2380 omnia
2003 2295 2043 2380 in

420 2409 534 2496 literis
556 2409 858 2498 confirmacionis
880 2426 916 2498 et
935 2408 1197 2498 ratifioacionis
1223 2413 1356 2528 prelati
1376 2409 1679 2498 reuerendissimi
1699 2412 1735 2496 in
1758 2409 1906 2496 Christo
1927 2413 2044 2528 patris

420 2525 559 2614 domini
581 2528 877 2645 Arcbiepiscopi,
899 2529 1016 2644 ipsius
1038 2525 1161 2646 sigillo
1182 2529 1372 2646 sigillatis,
1403 2557 1591 2645 manuque
1611 2526 1766 2614 Andree
1786 2525 1971 2645 Bogussij
1993 2527 2043 2615 de

422 2649 590 2758 Crosyno
622 2647 842 2761 subscriptis
872 2661 908 2731 et
928 2645 1125 2761 publicatis
1154 2645 1299 2761 plenius
1329 2645 1547 2732 continetur.
1601 2651 1761 2736 Tandem
1789 2677 1881 2741 vero
1914 2651 2042 2732 literas

418 2769 646 2848 come'ssz'om's
668 2763 755 2848 dicti
777 2761 917 2849 domini
937 2761 1089 2862 eilberti,
1110 2761 1397 2878 Archiepiscopi
1417 2763 1646 2883 gneznensis
1668 2777 1704 2848 et
1725 2762 1889 2880 primatis
1910 2791 2038 2862 sanas

417 2880 564 2982 saluas,
601 2881 791 2997 integras,
827 2877 903 2966 non'
921 2879 1096 2982 uiciatas,
1128 2907 1204 2965 non
1225 2879 1474 2986 cancellatas,
1505 2881 1681 2998 omnique
1706 2878 1864 2997 prorsus
1885 2880 1981 2966 vicio
2003 2894 2041 2966 et

417 2997 638 3113 suspicione¹
653 3008 846 3100 carentes,
878 2997 958 3083 eius
978 3024 1069 3082 vero
1091 2995 1216 3114 sigillo
1237 2996 1495 3114 subimpresso
1517 2995 1720 3115 sigillatas,
1743 3028 1813 3115 pro
1834 3013 1941 3116 parte
1962 3027 2040 3083 we-

415 3113 590 3202 nerabilis
612 3115 680 3200 viri
701 3113 840 3201 domini
862 3111 1069 3213 Wladislai,
1092 3115 1271 3230 prepositi
1297 3113 1532 3202 lanciciensis
1563 3113 1729 3230 predicti,
1752 3117 1861 3203 nobis
1882 3145 2040 3232 presen-

416 3242 515 3318 tatas
537 3261 621 3322 cum
644 3262 707 3338 eo,
737 3261 812 3353 qua
833 3229 969 3337 decuit,
990 3233 1212 3327 reuerenoia
1232 3235 1456 3350 recepimus.
1489 3231 1660 3355 Quarum
1682 3247 1792 3321 tenor
1811 3233 1982 3356 sequitur
2002 3235 2038 3320 in

417 3348 487 3434 beo
508 3350 643 3438 verba:

516 3467 714 3572 Albertus,
736 3465 797 3554 dei
817 3468 951 3587 gracia
971 3483 1103 3556 sancte
1124 3471 1352 3588 gneznensis
1373 3469 1534 3556 ecclesio
1552 3467 1885 3588 ,Archiepiscopus
1905 3484 1942 3556 et
1961 3470 2043 3587 pri-.

415 3611 512 3684 maS,
545 3585 762 3671 wenerabili
782 3588 864 3674 viro
886 3585 1038 3672 domino
1058 3587 1237 3691 lobanni,
1260 3587 1408 3673 decano
1430 3586 1595 3674 eiusdem
1613 3587 1775 3675 ecclesie
1794 3602 1924 3676 nostre
1944 3615 2040 3704 gne·

300 3765 302 3778 .
414 3702 577 3805 znensis,
608 3703 763 3788 salutem
794 3705 829 3788 in
852 3703 1015 3794 domino.
1066 3704 1179 3811 Cum,
1209 3706 1306 3792 sicut
1327 3705 1542 3822 exscriptis
1572 3705 1707 3792 uestris
1734 3706 1972 3822 accepimus,
2001 3715 2040 3791 et

415 3817 694 3935 experimentali
715 3821 851 3904 noticia
873 3821 1133 3938 cognouimus,
1151 3821 1251 3937 quod
1273 3823 1308 3908 in
1331 3851 1448 3913 causa
1470 3836 1638 3910 vertente
1660 3821 1755 3912 inter
1774 3821 2038 3923 uenerabiles,

412 3935 522 4023 nobis
552 3965 598 4021 ue
620 3937 656 4022 in
679 3935 829 4024 Christo
860 3935 1017 4025 dilectos
1048 3937 1240 4042 dominos,
1271 3937 1521 4026 Wladislaum
1552 3939 1779 4056 prepositum
1800 3939 1850 4025 ab
1872 3968 1966 4040 una,
1998 3953 2036 4024 et

414 3968 616 4170 capitellum
638 4053 799 4140 ecclesie
821 4053 1077 4158 lanciciensis,
1108 4085 1223 4174 super
1243 4053 1391 4142 decima
1412 4055 1446 4142 in
1471 4063 1736 4144 Mirostouicze
1754 4069 1862 4174 parte
1883 4053 2038 4155 exalia,

410 4171 492 4284 ipse
501 4172 714 4286 prepositus
726 4169 970 4289 produooioni
980 4173 1123 4259 testium
1136 4177 1264 4260 cor'am
1283 4175 1409 4276 uobis,
1440 4189 1477 4260 et
1496 4204 1567 4262 vos
1590 4173 1944 4292 recepcioncm(sic)
1966 4202 2050 4260 eoa

345 4319 349 4324 ·
411 4287 603 4390 rumdem,
632 4289 732 4374 iuxta
764 4290 1026 4394 comissionem
1056 4289 1165 4378 vobis
1197 4320 1267 4407 per
1296 4320 1366 4378 nos
1387 4284 1532 4376 'sacram
1560 4321 1724 4378 vaccare
1766 4289 2036 4410 quoquomodo

412 4432 487 4490 non
509 4407 679 4520 potuistis
702 4437 748 4518 ex
770 4408 896 4492 causis
917 4406 1064 4509 arduis,
1086 4419 1123 4492 et
1143 4407 1336 4523 presertim
1359 4409 1440 4523 ipse
1461 4409 1673 4524 prepositus
1693 4420 1773 4496 toto
1794 4409 1872 4495 lero
1892 4423 2034 4523 tempo-

410 4550 464 4622 re,
487 4523 556 4608 sibi
586 4522 637 4608 ad
666 4523 739 4609 hoo
760 4521 869 4628 dato,
900 4525 935 4609 in
956 4525 1108 4610 remotis
1144 4539 1251 4610 extra
1287 4523 1466 4614 diocesim
1497 4542 1535 4611 et
1564 4525 1760 4642 Regnum,
1791 4527 1885 4612 inter
1904 4523 2035 4611 clades

411 4637 569 4725 hostiles
591 4655 628 4724 et
649 4641 813 4726 turbines
835 4671 904 4757 pro
926 4641 1126 4729 commodo
1156 4641 1358 4759 reipublice
1383 4642 1490 4734 buius
1510 4642 1639 4763 Regni
1661 4671 1683 4736 a
1710 4635 1803 4747 ens,
1824 4671 1899 4730 non
1920 4642 2038 4758 potuit
2140 4685 2142 4690 ·

411 4754 573 4850 comodo
594 4757 795 4856 interesse;
846 4758 1020 4879 ideoque
1040 4761 1235 4854 terminum
1263 4757 1384 4854 eidem
1414 4762 1565 4856 domino
1587 4673 1784 4880 prepdsito
1805 4790 1876 4879 pro
1897 4757 2035 4880 produ·
2113 4845 2118 4853 ,
