4878 5942
1027 775 1297 852 -dll-

1037 1071 1284 1192 cclxxx.

836 1275 1116 1376 marnac,
1140 1279 1296 1362 ummo
1321 1271 1485 1362 1:348.
1530 1281 1532 1288 ’

376 1487 381 1498 ·
437 1447 562 1524 liniter
576 1405 989 1524 ammoneremus
1003 1438 1171 1520 ronviller
1185 1445 1330 1516 cenom
1345 1445 1580 1521 marmoreo
1595 1385 1885 1538 iomuuutmp).

461 1620 546 1712 Nos
569 1617 823 1728 Wincencius,
843 1619 967 1707 ludex
987 1619 1246 1738 Cuyeuiensis,
1267 1619 1450 1710 uniuersis
1471 1633 1507 1710 et
1527 1619 1696 1742 singulis,
1719 1651 1874 1744 quorum
1895 1613 1961 1712 au·

363 1739 507 1829 diencie
527 1741 704 1858 scriptum
734 1769 892 1858 presens
921 1739 1027 1828 luerit
1049 1739 1258 1844 recitatum,
1289 1737 1532 1855 protestando
1562 1740 1708 1860 publice
1738 1739 1962 1861 profitemur:

362 1855 477 1972 Quod
508 1859 734 1946 honorabilis
763 1858 820 1945 vir
848 1856 1031 1946 Dominus
1058 1855 1287 1946 Praccslaus
1319 1855 1551 1946 Gneznensis
1580 1859 1897 1967 Archidiaconus,
1926 1861 1962 1948 in

362 1976 501 2064 domini
520 1979 638 2064 nostri
657 1975 780 2094 Regis
800 1975 969 2082 Polonie,
981 1988 1018 2062 et
1037 1987 1177 2078 nostra,
1197 2003 1244 2062 ac
1264 1975 1444 2064 baronum
1461 1978 1787 2097 infrascriptarum,
1808 2008 1963 2098 presen-

363 2097 432 2199 cia,
453 2108 626 2212 exparte
646 2093 974 2188 sanctimonialium
994 2093 1116 2184 Beate
1136 2091 1257 2182 Maria
1276 2093 1506 2215 hlegdalene
1526 2095 1627 2213 apud
1646 2103 1794 2202 Ptoezlc,
1824 2095 1965 2186 ordinis

363 2213 732 2318 premonstratensis,
754 2213 1013 2332 procuratorio
1034 2213 1181 2302 nomine
1202 2213 1449 2330 personaliter
1468 2216 1699 2322 constitutus,
1721 2210 1805 2302 cum
1824 2211 1965 2304 Msczi·

235 2352 239 2361 ·
362 2359 474 2450 gneo,
494 2331 633 2420 herede
653 2333 702 2420 de
721 2337 974 2438 Bareohowc,
995 2361 1110 2448 super
1129 2330 1299 2417 limitibus
1329 2333 1424 2419 inter
1443 2331 1668 2422 hereditates
1697 2333 1963 2452 infrascriptos,
1983 2441 1984 2446 Ν

366 2453 520 2537 Curowo
535 2448 763 2538 videlicatad
774 2449 933 2537 eundem
949 2463 1172 2536 conuentum
1185 2450 1439 2566 pertinentem,
1455 2465 1561 2568 parte
1577 2481 1624 2538 ex
1641 2481 1724 2555 una,
1735 2467 1771 2540 et
1789 2448 1965 2540 Geomwo

363 2596 411 2655 ac
430 2573 662 2655 Barurhowo
684 2562 745 2680 (2)
768 2565 948 2684 predicto,
964 2565 1056 2652 villis
1077 2565 1163 2654 dicti
1183 2565 1412 2684 Msczignei,
1443 2583 1549 2684 perta
1568 2599 1616 2656 ex
1636 2570 1753 2656 altera
1773 2568 1964 2678 iaciendis,

362 2683 577 2774 iudicialiter
597 2685 796 2774 contendit.
827 2683 920 2772 Cum
941 2685 1051 2805 igitur
1070 2685 1214 2771 termini
1230 2713 1344 2802 super
1362 2682 1485 2802 idipso
1498 2683 1591 2798 (sic),
1605 2686 1654 2773 ad
1676 2685 1966 2804 comparendum
1986 2683 1988 2690 ’
2124 2677 2128 2696 '

363 2834 490 2892 coram
511 2801 620 2892 nobis
650 2801 790 2892 eisdem
810 2833 879 2921 per
909 2833 979 2890 nos
998 2803 1143 2890 luerent
1162 2802 1333 2937 asignati:
1363 2803 1506 2921 prelato
1542 2801 1692 2892 domino
1722 2801 1966 2893 Archidiaco·

363 2949 424 3028 no,
444 2921 662 3012 durantibus
683 2923 843 3012 terminis
865 2919 1017 3026 eisdem,
1038 2919 1163 3040 plures
1184 2919 1313 3008 iniuria
1333 2951 1381 3008 ex
1400 2935 1507 3042 parte
1527 2919 1614 3010 dicti
1633 2919 1842 3044 Msczignej
1863 2922 1966 3011 luere

362 3039 462 3132 illata
482 3039 575 3154 (sio),
596 3042 722 3132 causis
742 3073 788 3130 ex
808 3039 993 3162 pluribus,
1024 3055 1062 3128 et
1080 3040 1257 3160 precipue
1278 3069 1325 3128 ex
1346 3069 1414 3148 eo,
1446 3037 1547 3162 quod
1567 3039 1663 3130 hhus
1683 3071 1776 3130 suus
1796 3039 1966 3131 dacohus
2017 3111 2022 3124 .

362 3160 560 3250 familiares
590 3159 727 3248 domini
757 3157 1339 3280 archidiaconipresumptuose
1369 3157 1587 3250 uerberauit.
1626 3157 1710 3249 Nos
1730 3161 1856 3280 itaque
1875 3159 1966 3248 visis

362 3277 500 3398 iniurijs
521 3278 661 3368 eisdem
694 3292 731 3366 et
751 3277 948 3399 diligenter
967 3275 1235 3386 consideratis,
1266 3275 1314 3364 de
1333 3275 1509 3368 mandato
1539 3276 1677 3367 domini
1697 3279 1816 3368 nostri
1844 3275 1996 3398 Regu,

198 3483 205 3496 ,
363 3397 581 3534 prenarrati,
611 3411 647 3484 et
668 3396 716 3485 de
736 3397 892 3486 consilio
913 3411 1125 3516 prematuro
1144 3395 1335 3483 Beronum
1355 3395 1463 3484 nohis
1484 3409 1571 3484 tunc
1590 3397 1868 3504 assistencium,
1897 3394 1967 3484 ad·

362 3514 604 3604 rudicauimus
634 3513 809 3604 difiniliue
829 3512 1135 3636 pronunciando:
1176 3511 1290 3628 Quod
1312 3513 1533 3635 ubicumque
1548 3513 1763 3634 preibatus
1783 3513 1967 3607 Dominus
2065 3573 2071 3601 .-

363 3632 673 3742 Archidiaconns,
688 3633 739 3723 ad
758 3631 950 3724 iaciendas
965 3634 1153 3753 granicias
1168 3633 1262 3720 inter
1281 3629 1508 3722 hereditates
1528 3617 1766 3755 prestliptas,
1780 3665 1880 3756 equo
1895 3663 1966 3724 suo
2017 3634 2024 3656 '
2059 3661 2067 3701 r

363 3751 599 3873 personalem
621 3755 811 3842 transitum
831 3754 991 3856 lecisset,
1012 3753 1058 3840 ihi
1079 3751 1247 3870 granicis
1266 3766 1449 3872 perpetuo
1469 3751 1664 3862 durature,
1699 3783 1766 3872 per
1786 3783 1857 3843 nos
1893 3781 1967 3840 una

365 3901 450 3960 cum
468 3869 715 3974 Ministeriali,
746 3872 893 3960 nomine
913 3869 1117 3978 Barczich,
1148 3869 1354 3960 debuerunt
1384 3871 1464 3985 (sie)
1486 3872 1651 4008 asignari
1683 3872 1776 3984 (sic).
1808 3870 1967 3986 Captata

365 4019 473 4125 ergo·
490 3993 735 4124 oportunitate
766 3990 867 4104 (sio),
902 3991 1059 4108 uisoque
1089 3989 1243 4077 transitu
1278 3987 1415 4077 domini
1450 3989 1724 4108 Archrdyacooi
1753 3984 1967 4106 supradicti,

364 4137 555 4232 granrcras
585 4109 678 4195 inter
698 4107 923 4196 hereditates
954 4121 1179 4226 prenotatas,
1210 4106 1258 4193 ad
1281 4105 1490 4194 mandatum
1512 4109 1666 4226 preteeti
1687 4105 1823 4193 domini
1852 4105 1966 4226 regis,

366 4225 613 4433 cumwprelplo
633 4223 1112 4360 Ministerialio'signauimps
1132 4225 1319 4342 perpetuis
1335 4223 1562 4360 temporibus
1583 4224 1798 4312 duraturas:
1819 4239 1966 4360 pretec-

366 4357 406 4434 to
483 4372 663 4464 sczrgneo
695 4373 810 4462 super
839 4341 979 4430 eusdem
1010 4341 1177 4430 hmrtrbus
1209 4341 1332 4430 denuo
1363 4339 1575 4462 repetendus
1604 4355 1821 4462 perpetuum
1855 4341 1966 4432 sulen·
2026 4403 2031 4415 -

439 4563 508 4713 'pl
549 4561 595 4628 Ex
617 4557 1022 4712 archetyppihprtemhmpppeo
1043 4555 1182 4709 tphulprii
1203 4555 1608 4710 cppimlilwodislotpiensis.
1643 4557 1818 4658 Sigilluma
1860 4579 1966 4712 ensnnp

367 4655 764 4882 ttltthptltttt
778 4663 1199 4828 ernllrlerj⁰1lllill0¹¹l
1215 4653 1896 4829 ,hlhhlahellllilhllhhm
1918 4665 1951 4828 οῗ

468 4818 506 4901 (²)
581 4823 724 4884 croccet
736 4813 928 4882 Bnrrrchorao
943 4813 1027 4881 ullae
1041 4834 1210 4912 prorroorso
1222 4813 1437 4892 Mesorrensrs,
1452 4815 1591 4912 territorii
1612 4813 1815 4902 duraciensis,
1834 4814 1966 4902 regionre

367 4901 577 4978 llorroliansim
589 4901 732 4968 Gomorra
746 4905 917 4968 autemnon
932 4897 1098 4967 oocurrrtin
1113 4900 1280 4988 propinquo
1295 4899 1456 4968 earundem
1471 4897 1615 4967 ullamm.
