4878 5942
1032 652 1441 790 &aar-4

1084 1013 1390 1132 ‚occulo
1925 1145 1929 1157 ‚

532 1253 959 1350 ”monmorde
986 1271 1141 1338 anno
1173 1247 1323 1338 1³82
1349 1248 1506 1352 cites
1532 1251 1734 1336 menete
1762 1193 1983 1354 dorius.
2058 1335 2062 1344 ,

331 1463 337 1476 ’
439 1453 667 1532 zbtlntus
681 1450 1141 1548 tutuooounwtodtstuntenrtr
1156 1451 1279 1526 cotton
1292 1451 1429 1525 lntttuo
1442 1449 1550 1524 rtttnn
1567 1449 1663 1536 spuet
1677 1449 1800 1526 cotontr
1813 1449 2070 1546 devertendum

1032 1556 1106 1650 jore
1121 1553 1263 1628 ostensi
1284 1553 1406 1628 nonunt
1426 1555 1474 1658 (¹).

540 1747 584 1835 ln
605 1746 755 1834 nomine
775 1744 933 1850 domini,
964 1777 1086 1833 amen.
1108 1837 1115 1856 ,
1137 1744 1259 1832 Facta
1280 1744 1488 1832 mortalium
1510 1745 1737 1834 obliuionem
1758 1744 1969 1848 iocururnt,
1999 1745 2070 1832 nisi
2159 1751 2163 1756 ’

439 1869 629 1956 literarum
650 1864 862 1952 testimonio
883 1865 1031 1952 luerunt
1049 1863 1132 1975 (sio)
1154 1863 1396 1982 perhenoata.
1432 1863 1532 1951 Hinc
1553 1858 1749 1983 estquod
1770 1892 1842 1950 nos
1863 1860 2073 1968 Sbilutbus,

440 1985 502 2074 dei
522 1984 655 2104 gracia
674 1981 992 2070 wladislauiensis
1013 1981 1175 2070 ecclesie
1198 1981 1422 2098 episcopus,
1454 1997 1581 2070 notum
1600 1983 1759 2068 tacimus
1780 1981 1964 2068 uniuersis
1985 2009 2072 2096 pre·

440 2118 570 2192 sentes
589 2102 717 2188 literes
738 2100 974 2215 inspecturis:
1036 2097 1153 2212 Quod
1175 2098 1411 2186 intendentes
1431 2096 1687 2188 melioracioni
1707 2097 1891 2186 bonorum
1908 2113 2072 2188 nostro·

270 2321 275 2338 ,
439 2251 523 2310 rurn
545 2233 582 2304 et
602 2218 766 2306 ecclesie
786 2233 926 2322 nostre,
944 2231 982 2305 ut
997 2247 1045 2306 ex
1059 2217 1126 2323 eis,
1142 2229 1300 2304 auctore
1316 2215 1480 2323 domino,
1501 2219 1643 2304 tructus
1664 2216 1789 2307 valent
1809 2215 1961 2304 uberior
1982 2246 2071 2334 pro-

441 2338 580 2439 uenire,
596 2333 646 2422 de
665 2335 857 2424 voluntate
877 2350 915 2422 et
935 2364 1124 2423 consensu
1145 2335 1299 2421 fratrum
1320 2335 1471 2452 capituli
1491 2337 1609 2422 nostri
1629 2333 1965 2436 wladislouiensis‚
1994 2333 2073 2422 dis·

442 2467 549 2543 creto
578 2455 659 2543 viro
685 2452 829 2540 Mathie
856 2451 979 2542 villam
1001 2467 1169 2541 nostram
1191 2468 1230 2539 et
1250 2450 1411 2540 ecclesie
1440 2469 1572 2541 nostre
1598 2450 1914 2556 wladislauiensis
1935 2451 2072 2540 dictam

446 2577 617 2678 Suadet,
639 2574 748 2659 sitam
778 2571 814 2656 in
841 2584 943 2658 terra
974 2570 1273 2660 Sandonririeosi
1292 2569 1328 2656 in
1349 2569 1518 2660 districtu
1536 2567 1769 2690 Legouiensi
1800 2573 1895 2658 inter
1914 2570 1984 2658 bas
2004 2573 2072 2663 vil·

444 2691 503 2778 las
526 2695 696 2796 dtzeroo,
726 2693 928 2776 Burdosset
959 2696 1138 2776 Pootowo
1157 2696 1254 2776 woto
1273 2682 1349 2798 (²),
1380 2689 1460 2776 iure
1480 2687 1653 2778 credensi
1673 2717 1720 2774 ex
1749 2689 1915 2776 osuirnus
1942 2687 2072 2777 locan-

443 2809 544 2896 dam.
607 2808 735 2895 Primo
763 2805 946 2942 siquidem
974 2807 1157 2896 scultetus
1187 2836 1272 2894 cunr
1302 2807 1381 2892 suis
1412 2807 1574 2923 posteris
1604 2808 1640 2894 in
1662 2717 1794 2894 eadiuo
1817 2805 1903 2894 villa
1921 2811 2074 2896 Soudeta

315 2943 323 2956 ’
442 2927 542 3016 duos
563 2955 730 3031 mansos,
751 2955 907 3013 racione
927 2925 1136 3014 locucionis
1157 2955 1180 3012 a
1197 2923 1391 3012 solucione
1407 2953 1546 3012 census
1566 2941 1603 3013 et
1623 2923 1706 3041 alijs
1727 2923 1982 3013 solucionibus
2004 2955 2074 3014 no·

443 3046 501 3133 bis
521 3059 557 3131 et
577 3044 715 3132 nostris
736 3043 1026 3130 successoribus
1047 3043 1181 3131 debitis
1202 3040 1414 3148 dumtaxat,
1435 3042 1505 3131 sed
1527 3073 1604 3130 non
1624 3073 1648 3131 a
1669 3043 1822 3142 decima,
1836 3041 1977 3132 liberos
1985 3044 2074 3161 jure

443 3155 689 3268 hereditario,
719 3159 881 3278 pacifice
901 3161 1111 3278 possidebit
1132 3177 1169 3249 et
1188 3158 1393 3278 perhenne.
1445 3159 1573 3248 lncole
1593 3191 1688 3250 vero
1709 3161 1793 3248 ville
1812 3159 1981 3248 eiusdem
2004 3161 2071 3248 de·

444 3309 527 3368 cern
548 3309 733 3368 annorum
753 3309 936 3366 annorum
959 3281 1029 3393 (sic
1048 3279 1131 3390 bis),
1161 3277 1295 3366 adata
1325 3281 1561 3396 presencium
1588 3291 1898 3397 conputatorunr,
1929 3279 2074 3398 gaude-

351 3449 357 3466 ι
448 3402 541 3486 bunt
560 3395 775 3484 omnimodo
795 3395 976 3485 libertate.
1038 3395 1189 3512 Quibus
1210 3395 1372 3513 elapsis,
1403 3396 1451 3484 de
1473 3397 1638 3516 quolibet
1656 3426 1791 3486 manso
1813 3398 1924 3484 nobis
1950 3413 1989 3485 et
2008 3427 2073 3486 no-

446 3517 534 3602 stris
555 3515 846 3603 successoribus
867 3515 1026 3632 singulis
1046 3517 1156 3605 annis
1177 3515 1378 3602 duodecim
1399 3543 1561 3633 grossos
1591 3515 1865 3620 bohemioales,
1887 3515 2074 3604 ¹rnedietn-

445 3650 525 3719 tem·
539 3631 589 3719 ad
610 3633 743 3718 festum
765 3649 898 3720 sancte
908 3633 1107 3736 Trinitatis,
1130 3650 1167 3722 et
1182 3633 1292 3722 aliam
1307 3631 1547 3721 medietatem
1561 3632 1611 3722 ad
1627 3633 1760 3721 testum
1777 3634 1898 3722 sancti
1912 3632 2075 3740 Martini,

446 3751 631 3838 dictorum
667 3747 865 3837 duodecim
902 3781 1127 3868 grossorum
1163 3751 1314 3842 soluere
1349 3750 1580 3840 tenebuntur.
1640 3750 1766 3865 Quem
1801 3781 1956 3840 censum
1993 3755 2076 3870 ipso

448 3869 632 3956 scultetus
659 3883 698 3954 et
728 3867 785 3955 sui
813 3870 954 3986 posteri
984 3871 1134 3987 exigent
1161 3885 1198 3956 et
1225 3869 1415 3986 colligent
1435 3869 1546 3958 nobis
1566 3883 1605 3956 et
1625 3872 1764 3958 nostris
1783 3871 2076 3960 successoribus

446 3985 678 4106 integraliter
698 3999 737 4074 et
756 3983 914 4074 lideliter
933 3987 1212 4104 preseotobunt.
1254 3987 1414 4077 Soluent
1432 3989 1563 4094 eciam,
1585 3988 1716 4105 elapsa
1733 3989 1943 4106 prescripto
1964 3987 2073 4078 liber·

446 4119 540 4208 tate,
562 4102 685 4192 incole
706 4103 790 4191 ville
810 4119 1018 4192 memorate
1049 4134 1123 4191 una
1145 4135 1230 4192 cum
1252 4105 1412 4194 sculteto
1434 4105 1545 4194 nobis
1567 4120 1604 4191 et
1625 4107 1764 4194 nostris
1784 4107 2074 4196 successoribus

447 4225 483 4311 in
503 4251 639 4339 campo
660 4219 843 4310 decimarn
866 4223 1126 4341 manipulatim,
1142 4238 1178 4312 et
1200 4223 1249 4310 od
1271 4239 1441 4313 nostrum
1469 4254 1618 4313 orreum
1633 4225 1714 4326 (sic)
1729 4225 1808 4311 suis
1829 4225 2071 4348 vecciooibus

549 4505 590 4654 5¹¹1)
605 4505 672 4606 'Ex'
686 4505 847 4606 archetypo
868 4505 1099 4605 membranaceo
1120 4506 1257 4572 tabularii
1279 4507 1398 4594 capituti
1421 4507 1689 4574 Wtadistautonsis.
1731 4507 1803 4603 Duo
1825 4507 1920 4592 sigillo
1942 4529 2077 4595 appense

448 4597 536 4657 orout
581 4589 688 4656 niculns
702 4611 805 4657 serras
820 4590 927 4654 colons
943 4590 1058 4656 vrrrdrs:
1080 4589 1189 4656 borum
1204 4589 1331 4657 alterurn
1351 4593 1527 4690 abruptum,
1550 4591 1677 4658 alterurn
1692 4599 1812 4677 penitus
1833 4590 1974 4658 deletum.

549 4674 590 4756 (θ)
620 4671 716 4754 Sedete
729 4675 795 4740 vitto
810 4695 872 4744 non
889 4675 988 4759 procul
1005 4695 1021 4739 a
1037 4673 1153 4760 quow
1175 4677 1239 4752 sito,
1259 4672 1383 4762 δῆμον)
1399 4678 1528 4762 regionis
1544 4675 1770 4750 seszoviensis
1786 4676 1925 4761 parochie
1939 4675 2072 4743 Bnrden·

447 4759 503 4835 sis,
524 4757 635 4823 Bordo
649 4758 786 4825 eiusdem
802 4759 948 4844 regionis,
971 4758 1126 4824 Powlowa
1148 4759 1225 4824 oola
1247 4761 1404 4844 (Pawldw)
1422 4761 1554 4845 regionis
1568 4759 1830 4836 sandomirieosis,
1845 4761 1985 4847 purocbie
1999 4760 2073 4848 Gry·

449 4841 625 4922 turriensis,
645 4863 752 4910 omnes
766 4863 837 4912 vero
853 4841 992 4908 territorii
1005 4841 1268 4949 Sundonririensis
