4926 5940
1055 731 1330 806 -423-

336 1037 339 1043 ¹
375 963 425 1022 oe
444 932 495 1020 ad
516 933 773 1052 corporalem,
803 933 943 1019 realem
964 947 1002 1020 et
1021 933 1205 1020 actualem
1243 934 1524 1051 possessionem
1546 931 1646 1022 dicte
1666 936 1752 1024 ville
1776 943 1887 1042 Orle,
1918 969 2004 1026 cunr

375 1051 458 1168 alijs
479 1050 592 1156 villis,
624 1051 728 1155 lacu,
758 1051 928 1168 piscinis,
961 1050 1202 1154 molendinis,
1234 1052 1377 1156 barris,
1409 1078 1525 1170 gays,
1556 1052 1731 1159 decimis,
1753 1071 1790 1142 et
1810 1057 1894 1172 alijs
1916 1087 2003 1174 per-

375 1170 548 1286 tinencijs'
575 1169 759 1255 vniuersis
789 1167 1024 1270 eorumdem,
1057 1185 1168 1286 prout
1197 1169 1246 1255 ad
1268 1199 1339 1258 vos
1361 1183 1398 1256 et
1418 1169 1620 1288 quemlibet
1648 1187 1814 1260 vestrum
1844 1176 2006 1290 pertinet

373 1288 455 1376 sine
475 1286 827 1398 ennt(radic)cione‚
859 1284 1074 1374 dillicultete
1093 1301 1132 1373 et
1151 1286 1428 1404 impedimento,
1457 1290 1674 1392 restituatis,
1696 1292 1932 1425 reintegratis
1966 1309 2005 1378 et

374 1403 621 1510 reinducntis,
653 1421 689 1492 et
710 1405 855 1491 iacietis
874 1405 923 1490 ab
943 1405 1042 1521 alijs,
1065 1405 1298 1523 quantumin
1320 1405 1429 1494 vobis
1450 1407 1575 1508 luerit,
1595 1409 1753 1514 restitui,
1777 1410 2003 1526 reintegrari

304 1547 312 1562 ·
376 1536 414 1608 et
433 1521 601 1610 reinduci
621 1521 671 1609 ad
693 1520 872 1608 eandem:
904 1520 1028 1636 Quem
1051 1551 1122 1608 nos
1143 1524 1262 1609 eciem
1284 1523 1555 1629 reinducimus,
1587 1527 1862 1644 reintegremus
1885 1542 1922 1613 et
1943 1557 2002 1614 ra·
2116 1567 2156 1622 ,-

376 1641 559 1730 stituimus
580 1670 648 1758 per
668 1645 892 1758 presentesz'
906 1669 953 1726 ac
974 1641 1094 1757 ipsum
1116 1640 1305 1727 dominum
1328 1640 1559 1758 Episcopum
1580 1642 1924 1756 wladislauiensetn
1946 1673 2006 1732 re·

376 1760 561 1859 stitutum,
590 1756 825 1845 reinductum
848 1773 885 1844 et
904 1760 1172 1877 reintegratum
1194 1760 1294 1846 iuxta
1315 1759 1404 1847 iuris
1425 1762 1660 1880 exigenciam
1683 1760 1903 1850 defendatis.
1955 1760 2006 1848 Et

377 1874 636 1964 nichilominus
657 1876 666 1960 i
696 1875 727 1962 si
748 1873 901 1962 domino
921 1874 1128 1995 Episcopo,
1149 1907 1217 1963 seu
1238 1879 1475 1995 procuratori
1497 1907 1569 1966 suo
1588 1879 1669 1966 eius
1684 1881 1854 1984 nomino,
1875 1895 1913 1968 et
1932 1907 2006 1966 nun

377 1993 480 2082 dicto
502 1993 618 2080 Petro
681 1991 779 2080 athis
801 1992 850 2079 de
870 1995 1034 2110 ipsarum
1056 1993 1141 2083 ville
1165 2001 1257 2082 Orle
1278 2009 1316 2082 et
1335 1998 1648 2112 pertinenciarum
1669 1997 1859 2102 ductibus,
1879 1996 2007 2084 reddi·

377 2111 493 2218 tibus,
524 2111 787 2228 prouentibuS,
811 2113 960 2232 juribus
981 2127 1018 2200 et
1038 2111 1335 2201 obuenciunibus
1355 2115 1541 2202 uniuersis
1563 2115 1711 2232 integre
1732 2112 2008 2250 respondeatis,

378 2243 415 2316 et
436 2228 488 2316 ab
507 2227 621 2346 elijs„
639 2245 816 2348 quantum
838 2230 874 2316 in
895 2232 1005 2319 vobis
1034 2232 1159 2334 luerit,
1190 2261 1239 2318 ac
1258 2230 1308 2318 ed
1330 2261 1401 2319 vos
1429 2247 1469 2320 et
1487 2245 1652 2320 vestrum
1675 2233 1875 2352 quemlubet
1895 2232 2008 2366 perti·

378 2361 441 2436 net
461 2348 684 2434 coniunctim
706 2348 765 2434 uel
786 2347 942 2451 diuisim,
962 2350 1109 2465 integre
1124 2349 1269 2436 laniatis
1284 2347 1519 2464 responderi.
1541 2347 1732 2456 Necnon,
1753 2351 1848 2438 inlru
1869 2349 2008 2436 drotum

379 2495 448 2552 sex
470 2463 613 2552 dierum
635 2466 841 2562 terminum,
863 2466 896 2550 si
916 2493 1078 2550 neeesse
1096 2466 1225 2572 luerit,
1257 2466 1439 2582 prelatum
1460 2465 1614 2550 Petrum
1635 2465 1779 2552 lllatlrie
1799 2466 2008 2584 personali·

379 2596 438 2670 ter
458 2581 671 2681 accedatis,
692 2599 730 2682 et
749 2581 909 2668 eundern
931 2583 1151 2669 auctoritate
1172 2597 1314 2684 nostre,
1334 2609 1423 2697 ymo
1444 2583 1569 2678 uerius
1585 2583 1816 2698 apostolica,
1837 2585 2008 2700 requira-

380 2701 428 2788 tis
449 2713 487 2788 et
507 2700 710 2804 moneatis,
741 2699 888 2818 ipsique
908 2700 945 2785 in
966 2699 1100 2786 virtute
1121 2715 1253 2788 sancte
1274 2697 1496 2785 obediencie
1517 2713 1555 2786 et
1574 2699 1645 2786 sub
1666 2700 1775 2816 penis
1795 2700 2009 2816 inlrescrip

380 2819 426 2906 tis
447 2817 652 2924 mundetis,
684 2831 797 2936 prout
826 2846 898 2904 nos
927 2817 984 2904 sic
1014 2817 1237 2904 mandamus
1267 2815 1407 2918 eidem,
1437 2831 1622 2927 quatenos
1652 2817 1750 2903 inlra·
1774 2847 1844 2905 sex
1865 2813 2008 2904 dierum

380 2936 568 3052 spacium:
600 2950 688 3054 post
707 2935 956 3037 municionem
977 2947 1015 3021 et
1033 2935 1319 3053 requisicionem
1349 2948 1498 3022 vestras
1528 2933 1759 3040 huiusmodi,
1788 2933 1911 3022 eidem
1932 2933 2009 3020 Pe·

380 3069 440 3140 tro
461 3052 605 3140 lllethie
625 3075 695 3170 per
713 3081 787 3141 vos
807 3053 868 3140 vel
888 3053 1230 3141 alterumvestrum
1251 3054 1384 3140 lactas:
1397 3051 1608 3153 immediate
1627 3053 1881 3170 sequencium:
1902 3052 2009 3170 (quo

379 3200 460 3258 rum
482 3171 565 3280 sex)
585 3167 730 3257 diorum
751 3169 850 3258 duos
870 3199 942 3289 pro
962 3171 1099 3288 primo,
1130 3170 1229 3258 duos
1249 3200 1320 3288 pro
1341 3169 1532 3272 secundo,
1563 3186 1601 3258 et
1619 3171 1786 3288 reliquos
1806 3167 1905 3257 duos
1926 3169 2008 3256 dies

380 3286 503 3376 eidem
524 3288 640 3376 Petro
661 3287 804 3376 Martie
825 3318 896 3408 pro
916 3289 1034 3377 tercio
1061 3303 1100 3375 et
1119 3287 1373 3407 peremptorio
1403 3288 1560 3376 terminu
1590 3317 1640 3376 ac
1659 3288 1870 3376 municione
1891 3313 2009 3383 cano·

380 3407 465 3494 uice
486 3407 712 3527 assignetis,
743 3422 854 3526 prout
875 3421 912 3494 et
931 3435 1003 3494 nos
1024 3407 1081 3494 sic
1100 3408 1341 3526 assignamus
1363 3405 1495 3492 eidem:
1519 3406 1803 3523 possessionem
1826 3403 2009 3491 dictarum

380 3523 466 3610 ville
489 3528 598 3631 Orto,
636 3555 720 3612 cum
741 3523 825 3642 olijs
845 3523 958 3630 vittis,
990 3524 1109 3636 (lacu,
1130 3525 1303 3642 piscinis,
1325 3521 1583 3634 mol)endinis,
1613 3523 1757 3628 burris,
1788 3523 1908 3643 geijs,
1940 3519 2010 3608 de·

382 3641 488 3728 cimis
509 3657 545 3730 et
565 3643 804 3760 pertinenciis
824 3643 1010 3731 uniuersis
1031 3644 1131 3750 suis,
1163 3641 1263 3730 dicto
1283 3641 1437 3730 domino
1466 3638 1665 3759 Episcopo
1689 3641 1751 3728 vel
1772 3639 2008 3759 procuratori

382 3787 455 3850 suo
476 3760 557 3848 eius
588 3762 749 3868 nomine,
770 3789 950 3866 vacuam,
980 3759 1135 3850 liberam
1156 3774 1194 3848 et
1213 3759 1426 3880 expeditam
1453 3759 1535 3848 sine
1571 3760 1672 3848 omni
1707 3757 1797 3848 dolo
1819 3773 1855 3846 et
1877 3755 2009 3844 lreude
2085 3835 2092 3842 .

489 3877 580 3968 ittet.
969 3943 977 3951 ,
1199 3904 1203 3913 “

379 3905 684 4084 pemillonemus
704 3997 823 4086 eciem
844 3998 959 4088 modo
980 3998 1177 4098 etfama,
1199 3995 1334 4114 quibus
1364 4025 1493 4112 supra,
1517 4007 1553 4080 te
1575 3993 1728 4081 Petrum
1749 3989 1893 4079 Mothie
1925 3990 2010 4100 (sub

380 4111 530 4224 vir)tute
548 4129 680 4200 sancto
708 4113 945 4219 obediencie,
975 4129 1015 4199 et
1033 4113 1104 4201 sub
1125 4113 1371 4230 infrascriptis
1391 4110 1666 4198 sentenciamm
1691 4109 1810 4224 penis,
1841 4107 2033 4196 districte.

381 4227 625 4349 precipiendo
641 4227 882 4316 mandentes:
906 4231 1108 4344 Quatenus
1123 4231 1216 4316 inira
1234 4229 1432 4346 sexaginta
1448 4228 1590 4314 dierum
1606 4228 1786 4344 spacium,
1808 4239 2009 4344 postquam

381 4377 451 4467 pro
472 4363 580 4464 parte
608 4346 697 4434 dicti
726 4345 864 4435 domini
893 4346 1076 4464 Episcopi
1105 4345 1421 4433 wladisluuiensis
1452 4345 1586 4480 vigore
1622 4343 1858 4460 presencium
1895 4343 2009 4430 lueris

377 4468 602 4583 requisitus,
633 4463 843 4552 immediate
872 4465 1134 4582 sequencium:
1176 4462 1351 4577 Quorum
1371 4477 1570 4581 sexaginte
1600 4460 1743 4549 dierum
1774 4461 1905 4578 viginti
1939 4464 2034 4576 pro'

378 4585 518 4702 primm
540 4584 670 4703 uiginti
692 4611 763 4701 pro
784 4583 972 4688 secundo,
993 4595 1028 4670 et
1049 4579 1215 4700 reliquos
1235 4581 1364 4697 viginti
1386 4579 1468 4668 dies
1490 4580 1553 4665 tibi
1575 4605 1645 4696 pro
1666 4579 1785 4686 tercio
1806 4592 1842 4664 et
1863 4605 2007 4694 perem-
2110 4623 2112 4627 ·

380 4703 503 4818 ptorio
524 4705 681 4792 termino
702 4731 749 4790 ac
769 4701 979 4790 municione
999 4703 1183 4788 canonice
1204 4699 1463 4816 assignemus:
1480 4693 1615 4784 ‘eidem
1637 4693 1790 4784 domino
1809 4692 2009 4812 Episcopo

382 4817 444 4908 vel
465 4820 700 4940 procuratori
722 4821 896 4910 saueius
917 4823 1077 4924 nomine,
1096 4817 1144 4906 de
1163 4815 1345 4904 luctibus
1366 4843 1435 4932 per
1449 4829 1488 4902 te
1506 4813 1565 4902 vel
1586 4811 1699 4902 elium
1721 4813 1770 4930 tuj
1786 4813 1941 4902 ‚numine
1963 4839 2010 4898 ex
