4984 5930
1126 752 1376 826 ..20-

432 957 663 1068 B.(oleslei)
708 953 899 1044 Mozowie
941 969 979 1042 et
1013 953 1194 1044 Semouiti
1242 952 1424 1041 llazimiri
1464 951 1690 1071 Cuijauien.]
1738 969 1867 1044 notum
1906 958 2063 1048 iacimus

432 1078 640 1192 uniuersis:
672 1073 788 1190 Quod
813 1070 975 1191 quodam
1001 1067 1085 1160 uice
1112 1070 1305 1161 Goterdus
1320 1069 1370 1168 (³)
1390 1070 1531 1160 Comes
1551 1071 1648 1160 lilius
1667 1069 1773 1162 Luce
1792 1091 1923 1165 noster
1941 1076 2064 1166 fidelis

433 1196 610 1296 seruitor,
639 1223 725 1282 oum
753 1192 931 1280 Protenis
958 1206 996 1279 et
1025 1187 1245 1308 Lithpbanis
1265 1206 1302 1278 et
1321 1188 1547 1310 chzwagy
1562 1193 1644 1305 (sic)
1656 1189 1709 1286 (⁴)
1729 1193 1881 1282 viriliter
1906 1209 2064 1282 conten·

433 1315 581 1402 cionem
600 1311 704 1413 iecit,
733 1339 841 1397 suam
861 1311 974 1396 vitam
995 1338 1070 1396 non
1092 1338 1242 1396 curans.
1294 1307 1464 1396 Tandem
1484 1309 1567 1424 ipse
1597 1307 1815 1398 Gotberdus
1830 1311 1908 1406 (sic)
1929 1326 2062 1401 extens

432 1429 741 1548 inexsuperabilis
767 1443 805 1516 et
828 1428 940 1515 vincit
960 1427 1039 1523 (sic)
1066 1439 1285 1544 septemque
1313 1425 1443 1514 Duces
1465 1427 1527 1544 qui
1547 1424 1719 1514 dicuntur
1748 1426 1943 1548 Yaczwaij
1976 1459 2063 1518 owe

292 1634 296 1646 ,
432 1547 672 1666 incaptiuauit
691 1559 728 1634 et
748 1546 784 1632 in
805 1545 1019 1662 c'eptiuitate
1040 1543 1145 1660 ipsos
1165 1545 1329 1632 retinens
1349 1542 1399 1631 ad
1419 1543 1579 1633 eundem
1596 1545 1676 1641 (sic)
1696 1543 1848 1634 deduxit
1858 1544 1918 1646 (⁵).
1945 1459 1989 1661 i)

431 1665 579 1784 quidem
600 1663 650 1750 de
670 1664 882 1782 captiuitote
902 1657 1192 1756 redimerunt(⁰)
1207 1661 1287 1764 (sic)
1308 1677 1345 1748 et
1364 1677 1591 1749 exemerunt
1613 1661 1785 1750 videlicet
1804 1693 1875 1781 pro
1897 1665 2063 1783 quolibet

431 1780 560 1886 Duce,
582 1782 692 1870 nobis
712 1780 972 1899 septingentas
992 1808 1141 1866 marcas
1160 1781 1243 1896 puri
1263 1779 1411 1896 argenti
1431 1793 1469 1866 et
1488 1809 1630 1898 greum
1644 1777 1699 1882 il)
1720 1781 1934 1870 tribuerunt
1981 1782 2062 1870 Pro

432 1931 508 2022 qua
528 1915 652 1986 tamen
671 1899 829 1986 victorie
851 1895 939 1984 dicti
960 1895 1137 2001 Gotordi‚
1162 1897 1234 1986 sibi
1254 1897 1377 1985 villam
1396 1901 1585 1984 Sluszewo
1601 1891 1652 1998 (⁸)
1673 1900 1863 2016 perpetuis
1884 1901 2061 2017 tempori·

432 2019 609 2107 boscum
631 2016 803 2104 omnibus
823 2015 1052 2104 libertatibus
1074 2015 1312 2120 contulimus,
1341 2015 1462 2133 ipsam
1482 2014 1605 2102 villam
1626 2045 1673 2102 ex
1695 2015 1867 2105 omnibus
1888 2019 2060 2106 exaccio-

431 2139 558 2238 nibus‚
585 2133 857 2238 solucionibus,
888 2131 1075 2238 collectis,
1103 2135 1265 2220 vecturis
1286 2147 1323 2220 et
1341 2132 1745 2252 laboribus‚,angarijs,
1766 2135 2004 2254 preengarijs
2025 2153 2061 2224 et

431 2251 700 2342 vexacionibus
720 2251 905 2339 uniuersis
927 2249 1026 2367 juris
1079 2247 1295 2350 clericalis,
1331 2273 1568 2369 quocumque
1597 2249 1745 2338 nomine
1776 2269 1975 2339 censentur
1996 2249 2059 2364 (⁰),

431 2367 627 2460 liberando
656 2384 693 2456 et
712 2370 860 2487 penitus
886 2279 1112 2455 exementlo:
1143 2365 1352 2488 dantesque
1378 2367 1449 2456 sibi
1478 2383 1514 2455 et
1539 2369 1619 2456 suis
1646 2369 1946 2480 successoribus,
1975 2401 2059 2458 cum

287 2593 293 2602 .
431 2487 667 2578 homicidium
687 2487 724 2572 in
744 2485 844 2574 dicto
863 2485 949 2578 villa
969 2497 1258 2602 perpetraretur,
1280 2499 1393 2602 caput
1412 2486 1676 2604 perciperc'ex
1696 2499 1788 2594 toto;
1809 2502 1847 2574 et
1861 2515 1945 2576 cum
1966 2517 2059 2576 suus

282 2645 289 2666 ·
424 2606 581 2701 lrmetbo
601 2604 837 2692 kmetbonem
857 2604 967 2691 alium
989 2602 1223 2711 interimeret,
1245 2604 1480 2692 medietatem
1500 2633 1599 2722 pene
1619 2603 1788 2721 capitalis
1809 2605 1988 2724 optinebit
2001 2601 2060 2700 (¹⁰)
2152 2631 2166 2656 ·

404 2708 521 2832 sisio).
570 2721 694 2810 Huius
724 2723 777 2810 rei
806 2721 1003 2838 testimonij
1020 2721 1098 2820 (sic)
1119 2719 1279 2841 sigillum
1309 2735 1477 2809 nostrum
1506 2733 1564 2810 est
1592 2725 1811 2838 appensum.
1862 2721 2000 2810 Actum
2022 2737 2060 2810 et

430 2841 558 2930 datum
577 2853 747 2958 utsupra
768 2841 817 2936 [iu
839 2838 1012 2956 Czirslcij]
1033 2868 1134 2928 anno
1149 2839 1426 2928 incarnacionis
1441 2838 1579 2928 domini
1597 2838 1655 2928 Μο
1672 2838 1753 2928 CC⁰
1767 2835 1847 2926 XL.
1862 2841 1983 2962 primo
1992 2837 2058 2936 (¹¹).

460 3024 464 3032 ι
532 3110 573 3196 (ο)
603 3108 775 3177 munaus
788 3106 901 3173 nsum
914 3105 952 3190 n)
967 3103 1055 3190 oto

1992 1577 2062 1636 llos
2165 1589 2166 1592 ’

532 3195 571 3280 (⁴)
601 3193 775 3266 Prutbenis,
798 3193 822 3258 L
872 3191 970 3256 wenis
992 3199 1022 3256 et
1043 3191 1231 3290 Yoczwyegy
1255 3187 1307 3274 sic)
1328 3189 1420 3257 babet
1433 3189 1479 3276 (bl.
1493 3225 1534 3238 -
1551 3189 1725 3269 Prutbenis,
1747 3189 1902 3258 Litbuanio
1924 3191 2056 3260 ellada·

429 3301 536 3370 (με)
550 3279 594 3364 (ο).
605 3314 647 3326 -
659 3275 808 3360 Pretorio,
849 3275 981 3361 ythranis
996 3282 1027 3339 et
1038 3275 1231 3362 Jaczwyoczrj
1257 3275 1296 3358 dt
1306 3311 1348 3323 -
1358 3275 1506 3354 Prutecis,
1522 3275 1676 3342 Litbuanis
1691 3283 1723 3341 et
1734 3275 1903 3362 Jaccuingis
1918 3277 2005 3364 Papr.

530 3363 571 3449 (ὓ)
598 3361 733 3429 Tandem
748 3361 812 3446 ipse
826 3359 865 3426 G.
879 3379 906 3424 c.
916 3360 942 3458 ιἰ.
956 3359 1064 3458 devicit
1073 3367 1187 3446 sepum
1199 3359 1227 3424 (1.
1239 3379 1268 3446 q.
1278 3360 1306 3424 (1.
1316 3360 1574 3447 Yoczwyogowye
1581 3359 1682 3510 1Sbi-
1689 3358 1723 3424 T.
1735 3361 1752 3424 i.
1763 3361 1800 3427 G.
1812 3381 1838 3426 c
1848 3361 2057 3447 insuperabilis

428 3450 536 3518 devicit
549 3455 665 3535 septem
679 3446 707 3510 (1.
721 3465 752 3532 q.
766 3443 794 3509 (1.
807 3443 1022 3528 Jedzwrogowr
1037 3465 1063 3509 e.
1076 3444 1095 3509 i.
1109 3443 1231 3530 captiuit
1250 3451 1383 3509 otemeos
1404 3445 1581 3512 reducente
1616 3446 1743 3511 condem
1756 3443 1819 3529 (sic)
1832 3445 1860 3510 (1.
1875 3441 1921 3530 (ο).
1933 3479 1976 3493 -
1988 3447 2022 3510 Τ.
2037 3445 2055 3514 i

428 3533 580 3600 Gotordus
594 3553 620 3597 o
635 3528 864 3614 inexuperabilis
877 3527 984 3594 derint
1004 3547 1028 3592 s.
1049 3527 1078 3592 d.
1099 3550 1129 3627 q.
1148 3527 1175 3594 n
1192 3529 1371 3615 loccwyogo
1409 3529 1461 3592 ci.
1476 3549 1502 3594 c
1516 3531 1535 3594 i.
1551 3549 1576 3594 c.
1593 3529 1611 3594 i.
1626 3549 1649 3594 r.
1664 3529 1712 3614 ((1).
1724 3531 1809 3596 -n
1825 3529 2056 3616 inexuperabilis

428 3617 668 3784 mlicoeptgin
682 3613 783 3678 Dacos
797 3611 869 3782 old.
882 3612 1095 3698 Jemuingouic
1109 3635 1128 3679 r.
1142 3633 1169 3679 e.
1185 3613 1204 3680 i.
1218 3633 1243 3677 c.
1259 3633 1312 3678 eos
1326 3633 1351 3678 r.
1366 3633 1385 3678 a
1420 3633 1475 3678 nos
1489 3613 1518 3679 (1.
1531 3614 1622 3700 Popr.

597 3719 614 3762 r
652 3705 792 3763 emerunt
813 3717 848 3761 c.

546 3787 557 3826 ¹
677 3781 685 3796 .

427 3779 1887 4036 iltiiilltuuntrm
1903 3866 2055 4016 33

426 4037 540 4103 vicinus
656 4081 665 4111 ‚
687 3995 827 4100 territorii
842 3994 1041 4118 Gujnrionsisi
1056 3998 1188 4117 nogionis
1202 3995 1478 4132 liorlziiijoviensis.''
1496 3967 1612 4100 ¹lliumo
1624 3969 1673 4099 bic
1687 3997 1943 4116 intelligendc’eot
1956 4035 2055 4120 (σθω

426 4121 494 4188 nlla
596 4141 639 4186 ero
660 4117 837 4206 parochialis
851 4117 991 4182 territorii
1005 4118 1179 4202 etregionis
1193 4117 1397 4184 Vorsouensis
1410 4117 1490 4182 bend
1598 4116 1660 4182 lab
1673 4119 1749 4185 urbe
1767 4115 1876 4183 Caerulo
1888 4118 1954 4194 rite.
1968 4137 2054 4202 prae·

426 4205 529 4272 sertim
550 4223 645 4294 quum
665 4204 749 4288 regio
771 4201 974 4270 Vorseniensis
995 4201 1120 4266 confinis
1142 4203 1180 4300 sit
1200 4202 1371 4300 provinciae
1395 4201 1467 4266 Pedi
1525 4202 1585 4278 ine,
1610 4209 1709 4268 terroe
1730 4202 1882 4289 quondom
1904 4219 1921 4265 o
1941 4201 2055 4350 f⁰l⁰l⁰

425 4289 593 4372 Jndcwingi
607 4287 686 4352 dicto
699 4293 871 4372 ooeupom.
907 4285 1049 4353 Cotonium
1067 4285 1105 4352 dc
1126 4294 1248 4352 notorie
1269 4307 1287 4352 a
1308 4285 1443 4353 Gotordo
1463 4307 1500 4351 ex
1521 4285 1704 4371 Jodzwtogts
1718 4294 1868 4372 reportato
1883 4303 1939 4351 con
1953 4291 2055 4351 motor
2069 4345 2073 4353 .

425 4372 650 4439 Narusrevicius
665 4371 695 4434 in
709 4391 801 4456 opero
814 4370 983 4456 „Hictoryo
997 4369 1130 4436 Norodu
1143 4370 1318 4457 Pololrt'eqo”
1333 4372 1366 4437 T.
1381 4371 1432 4436 tv.
1448 4393 1476 4458 p.
1489 4369 1553 4435 nto
1568 4370 1615 4436 ed.
1629 4371 1772 4436 blostoro.

528 4455 555 4538 (ο
596 4461 776 4522 censeantur
790 4453 837 4533 (1)),
851 4455 894 4536 (ο),
907 4453 945 4537 ((1)
959 4461 990 4519 et
1003 4455 1090 4540 Pupr.

511 4539 554 4624 (¹⁰
594 4547 626 4603 ct
646 4557 714 4603 cum
736 4555 808 4603 ottus
829 4537 857 4606 lt.
878 4539 906 4606 t.
928 4538 1058 4606 alienum
1079 4537 1233 4624 perimerit
1248 4555 1287 4603 m.
1303 4557 1330 4624 p.
1346 4559 1372 4603 c.
1386 4537 1533 4606 obtinebit
1546 4537 1636 4620 (1)-
1648 4546 1679 4604 et
1691 4557 1716 4604 c
1729 4557 1754 4602 s
1768 4538 1886 4604 unetbo
1900 4536 2055 4624 perimmit

425 4621 616 4690 emetbonem
637 4621 767 4687 alionum
790 4639 828 4685 m.
849 4641 878 4706 p.
892 4643 917 4686 c.
932 4621 1077 4687 obtinebit
1090 4623 1125 4707 (ο)
1141 4659 1181 4672 -
1195 4630 1226 4689 ct
1239 4645 1264 4688 c
1278 4643 1301 4689 c
1316 4623 1416 4687 kmeto
1431 4623 1601 4688 lmctoocm
1616 4621 1746 4688 alienum
1761 4621 1915 4708 pertuterit
1927 4641 1967 4686 nn
1982 4641 2012 4707 p.
2027 4639 2053 4685 c.

425 4729 454 4774 o.
470 4707 559 4792 ((1)-
570 4725 643 4772 suus
658 4713 756 4772 coneto
770 4712 940 4771 cmetonem
956 4705 1085 4772 alionum
1101 4707 1264 4794 perimerit,
1278 4706 1469 4772 medietatem
1504 4725 1598 4772 conco
1612 4705 1755 4792 Capitalis
1768 4705 1919 4772 obtinebit
1935 4703 2021 4792 Papr.

511 4790 569 4876 (¹¹)
597 4790 696 4878 Hujus
707 4791 751 4860 rei
762 4789 966 4856 testimonium
981 4811 1005 4854 s.
1020 4813 1050 4856 n.
1065 4811 1091 4860 e.
1105 4811 1132 4856 a.
1154 4797 1189 4856 Α.
1203 4811 1229 4856 c
1243 4791 1271 4856 (1.
1284 4811 1314 4856 u
1328 4811 1351 4854 s.
1367 4809 1394 4856 c.
1409 4791 1428 4854 i.
1442 4790 1471 4854 (1.
1501 4790 1616 4858 CCLX.
1629 4790 1727 4876 primo
1741 4789 1916 4875 [bl-enno
1930 4787 2052 4856 Domini

425 4877 584 4946 millesimo
599 4876 686 4947 CCC.
697 4877 758 4963 (sic)
774 4875 837 4944 tn
851 4875 950 4965 primo
964 4875 999 4962 (o)
1008 4897 1081 4941 -c
1095 4875 1123 4942 d.
1140 4876 1216 4941 taor
1235 4875 1361 4962 (dt-lo
1375 4875 1461 4944 cetius
1475 4876 1519 4942 rei
1535 4875 1747 4954 testimonium,
1762 4875 1900 4962 sygillum
1915 4883 2050 4943 nosbtun
