4878 5942
1121 685 1181 776 ’-
1236 721 1323 796 eoo·
1366 759 1410 774 -

461 925 604 1014 debere
625 924 773 1015 reverti.
812 919 896 1010 Nos
917 951 1010 1010 vero
1030 935 1218 1042 potestate
1239 935 1277 1009 et
1297 919 1474 1008 mandato
1495 951 1564 1038 per
1584 921 1765 1038 prelatum
1787 919 2085 1044 Sandzivogium

462 1047 535 1132 iam
557 1043 657 1130 dieto
676 1039 819 1128 Mutllie
838 1039 964 1127 Judioi
990 1040 1133 1128 truditis
1160 1057 1197 1128 et
1217 1068 1346 1127 eoram
1368 1039 1477 1126 nobis
1498 1037 1687 1156 probetis,
1720 1068 1791 1126 nee
1812 1069 1888 1126 non
1909 1043 2086 1162 recogni-

454 1164 572 1250 oione
587 1175 637 1273 ,et
656 1159 898 1246 eonlessiooe
918 1159 1185 1276 premissorum
1207 1155 1405 1276 diligenter
1425 1157 1574 1248 attentis
1601 1171 1639 1243 et
1669 1157 1739 1244 rite
1768 1155 1964 1260 admissis,
2000 1190 2086 1276 pre·

460 1281 572 1367 latam
593 1277 716 1365 villam
746 1281 929 1384 Wooorze
948 1289 1037 1394 post
1052 1275 1191 1364 obitum
1207 1275 1451 1392 prenominati
1479 1273 1724 1393 Sandzivogij
1746 1271 1796 1360 ad
1816 1273 1955 1362 nullum
1976 1277 2090 1364 alium

460 1426 529 1484 seu
550 1395 666 1500 alios,
695 1409 931 1530 preterquam
961 1392 1152 1512 adipsum
1180 1392 1449 1484 Reverendum
1477 1407 1621 1510 patrem
1650 1393 1837 1479 domiuum
1863 1393 2087 1502 iohannem,

460 1511 691 1632 Episcopum
713 1511 1070 1600 Wladrslavieosem
1092 1525 1129 1598 et
1149 1509 1282 1598 ducem
1305 1507 1551 1628 onliensem
1573 1525 1609 1598 et
1624 1513 1704 1597 eius
1725 1541 1912 1617 mensam,
1932 1541 1980 1599 ae
2000 1511 2085 1630 Epi·
2236 1610 2241 1628 Ι

461 1661 631 1750 scopum,
652 1631 714 1748 qui
735 1660 805 1748 pro
826 1645 994 1747 tempore
1015 1627 1131 1736 luerit,
1152 1630 1340 1747 pertinere
1357 1641 1393 1714 et
1413 1627 1551 1714 divolvi
1572 1627 1653 1739 (sie)
1675 1627 1815 1716 debere
1838 1627 2087 1734 declaramus,

461 1750 619 1836 dioimus
657 1761 694 1832 et
714 1747 993 1866 approbamus,
1025 1747 1215 1864 perpetuis
1245 1746 1475 1864 temporibus
1513 1775 1581 1860 per
1611 1745 1770 1832 eundem
1800 1745 1986 1834 dominum
2015 1746 2085 1835 Jo-

460 1869 633 1970 lurnnem,
654 1863 886 1983 Episcopum
904 1864 1262 1954 wladislaviensem
1282 1879 1322 1951 et
1341 1863 1475 1951 dueem
1491 1861 1739 1978 Opoliensem
1759 1877 1798 1950 et
1817 1893 1910 1956 suos
1929 1895 2085 1952 sueces-

461 2014 590 2089 sores,
621 2013 704 2069 eum
728 1984 899 2070 omnibus
920 1983 1089 2072 eiusdem
1114 1982 1200 2070 ville
1227 1982 1387 2085 iuribus
1409 1980 1600 2098 dominijs,
1632 1982 1923 2100 proprietatibus
1944 1997 1982 2070 et
2001 2011 2087 2100 per·

461 2103 633 2218 tinenoijs
669 2100 949 2217 possidendam.
1000 2099 1166 2207 Harum,
1203 2099 1339 2219 quibus
1359 2099 1520 2219 sigillum
1541 2100 1661 2188 maius
1682 2111 1851 2186 nostrum
1878 2129 2089 2218 appensum

461 2237 530 2325 est,
551 2219 762 2306 testimonio
784 2217 984 2306 literarum.
1023 2217 1161 2304 Actum
1182 2233 1219 2304 et
1239 2215 1367 2302 datum
1388 2219 1424 2304 io
1444 2222 1823 2320 Jooeoiwlodisloueo,
1847 2217 1940 2305 laria
1961 2219 2089 2335 quinta

461 2337 632 2454 proxima
654 2349 741 2454 post
760 2335 984 2424 dominicam
1005 2333 1271 2424 Misericordia
1301 2334 1456 2441 domini,
1487 2365 1588 2423 anno
1617 2333 1757 2423 domiui
1776 2334 1972 2422 millesimo
1994 2337 2088 2455 qua-

294 2529 299 2536 .
462 2455 759 2574 dringentesrmo
782 2469 925 2572 quarto.
976 2453 1221 2541 Preseutibus
1247 2451 1396 2543 validis:
1425 2453 1601 2541 iohanne
1627 2451 1812 2571 Lygaoza
1839 2449 2088 2560 Lanoieiensr,

461 2571 606 2660 Mathia
624 2569 815 2660 Maezuda
845 2571 1159 2678 Gneweovieosi,
1189 2570 1404 2678 Pallatinis3
1434 2571 1610 2659 iohanne
1639 2569 1689 2656 de
1712 2575 1959 2656 Tole'eeleowo
1979 2570 2087 2656 Kali-

461 2691 597 2796 densi,
626 2689 817 2776 daszoone
846 2688 895 2776 de
919 2693 1060 2776 Grato
1087 2689 1364 2776 Cruszuioiensi
1390 2685 1463 2799 (⁴),
1500 2702 1539 2776 et
1563 2687 1721 2776 Alberto
1752 2688 1982 2794 Carrinensi,
2010 2687 2085 2774 Ca·

462 2808 645 2912 stadonis,
677 2821 714 2894 et
733 2806 816 2924 alijs
838 2837 950 2942 qoem
971 2806 1138 2925 pluribus
1158 2808 1297 2894 nostris
1317 2804 1490 2896 fidelibus
1511 2805 1667 2894 dileetis.
1708 2804 1846 2892 Datum
1866 2835 1935 2922 per
1954 2835 2087 2894 manus

462 2924 693 3013 honorabilis
719 2922 867 3012 Niooler
890 2925 1071 3042 'prepositi
1102 2925 1222 3013 saneti
1247 2923 1415 3012 Floriani
1442 2940 1480 3013 et
1501 2924 1683 3013 Caoooioi
1705 2923 1984 3031 Craooviensis,
2004 2921 2093 3012 Re*

463 3044 530 3162 goi
550 3042 711 3132 Polonie
731 3041 1030 3160 vicecancellarij
1052 3041 1161 3130 nobis
1182 3040 1315 3130 dilecti.

563 3258 604 3342 (⁴)
637 3257 802 3326 musteo
829 3258 973 3345 oppidum
1003 3266 1034 3326 et
1060 3257 1130 3325 uilla
1153 3257 1296 3328 territorii
1311 3267 1343 3326 et
1354 3259 1488 3344 regionis
1515 3258 1716 3335 Kenioeusie;
1744 3253 1859 3326 eram
1872 3256 1940 3325 uilla
1954 3205 2088 3342 regionis

400 3401 409 3410 .
463 3341 792 3412 Juniwladisloriensis.

1105 3480 1411 3646 uouuu.

548 3760 973 3857 modulantes,
999 3780 1155 3847 amno
1179 3762 1336 3848 1404
1361 3765 1456 3848 dte
1471 3762 1551 3848 29
1568 3765 1770 3850 meum
1793 3753 2015 3867 mun.

463 3895 687 4040 nimiam
702 3962 742 4036 to
761 3960 1078 4043 demerendum
1091 3941 1536 4054 noeuo'turonnuemu,
1550 3965 1733 4040 seultettau
1743 3941 1840 4042 uuae
1857 3964 2015 4048 Solunte
2027 3965 2088 4043 le

463 4065 551 4143 thtee
564 4061 691 4140 maedi
705 4063 745 4140 le
769 4061 950 4154 Weezay'ee
970 4057 1605 4260 'llll'ffflollllilioililplml'
1623 4065 1797 4158 tpieeopus
1820 4064 2090 4145 mortemon

566 4356 607 4443 ln
629 4357 778 4444 nomine
797 4355 955 4460 domini,
977 4386 1098 4443 omen.
1152 4354 1343 4469 Quoniam
1372 4356 1618 4443 humanarum
1642 4386 1768 4443 rerum
1790 4357 1887 4472 peril
1905 4369 1944 4441 et
1962 4369 2090 4474 gesto
2112 4433 2114 4436 ,

342 4559 347 4566 .
465 4503 547 4560 rum
568 4475 768 4582 memorio,
799 4475 833 4562 si
852 4503 928 4562 uoo
948 4473 1144 4562 autentiois
1168 4473 1282 4564 literis
1311 4488 1348 4562 et
1367 4473 1442 4560 lide
1469 4472 1670 4593 dignorum
1701 4475 1849 4562 testium
1879 4471 2091 4561 testimonio

460 4724 470 4748 .
568 4671 610 4754 (¹)
637 4673 686 4738 Ex
699 4671 860 4771 melampo
886 4671 1121 4771 membranaceo
1131 4671 1268 4772 teliulprii
1283 4671 1404 4758 eupltuli
1418 4672 1687 4740 Wludislouieusis
1715 4671 1871 4772 lluoipulio
1880 4670 1993 4769 eoloris
2006 4669 2093 4770 rullei

440 4755 756 4927 ,ἓεξῗιᾶᾜῖἃιὲιο
771 4756 866 4841 sigilla
882 4757 1000 4825 medua
1020 4757 1251 4842 magnitudinis,
1264 4756 1379 4826 lormee
1394 4755 1556 4843 oblongus,
1573 4777 1703 4844 quorum
1719 4777 1863 4886 rmupmeo
1874 4776 1937 4894 pom
1951 4773 2092 4896 mmmm
