4896 5926
412 945 541 1036 eienit
560 953 708 1049 eterna,
737 941 928 1062 prediatus
952 941 1061 1030 villos
1077 939 1139 1031 ‘ab
1166 942 1266 1030 omni
1289 941 1472 1030 seruitute
1499 939 1657 1060 prodiali
1676 969 1746 1035 seu
1764 942 1977 1061 personali,
2005 975 2052 1034 ao

372 1089 374 1098 ·
414 1064 469 1154 ab
489 1063 589 1152 nuni
610 1064 690 1151 iure
709 1060 850 1167 doeab,
879 1059 983 1180 quod
1008 1063 1045 1149 in
1066 1061 1121 1150 eis
1141 1061 1202 1149 uel
1223 1091 1351 1150 earum
1372 1059 1505 1150 ineolis
1525 1060 1635 1148 nobis
1655 1063 1821 1180 unquam
1842 1063 2051 1180 aumpeoiit,

417 1181 479 1272 uel
499 1195 716 1300 uompotere
735 1183 875 1296 potuit,
905 1179 1044 1268 liberas
1064 1179 1167 1268 dono
1194 1196 1324 1268 nostre
1350 1178 1630 1268 monifieoenoie
1650 1178 1732 1292 (sio)
1757 1181 1794 1268 in
1815 1181 2054 1298 presentibus

417 1299 666 1388 declaramus.
715 1297 787 1388 Wt
806 1299 889 1412 (sie)
910 1314 1033 1387 nutem
1054 1299 1126 1386 heo
1146 1299 1375 1387 inconeussa
1396 1303 1650 1416 permaneant,
1676 1313 1714 1386 et
1734 1311 1916 1417 perpetua
1935 1300 2054 1388 robur

418 1420 610 1536 optineant
629 1417 823 1523 lenitatis,
844 1430 1042 1537 presentes
1063 1418 1181 1504 nostri
1201 1418 1435 1535 appensione
1456 1415 1569 1535 sigilli
1590 1413 1850 1503 mandauimus
1871 1417 2054 1506 roborari.

417 1535 554 1625 Testes
583 1565 676 1623 uero
702 1535 751 1653 hij
779 1537 1039 1623 interfuerunt:
1081 1533 1192 1623 Uiteo
1224 1535 1409 1653 palatinus
1439 1538 1665 1636 Gdenenris,
1700 1531 1846 1650 Weysil
1869 1534 2054 1654 palatinus
2085 1590 2086 1594 κ

418 1654 468 1740 de
496 1661 653 1741 Tresseu
673 1649 748 1764 (⁵),
776 1653 967 1740 Uneslaus
997 1653 1323 1766 subcamerarius,
1353 1651 1614 1759 Hermannus,
1643 1646 1840 1758 LuderuS,
1869 1653 2053 1760 Jaeobus,

419 1770 614 1874 Gotlridus
645 1771 841 1906 Capeliani
870 1771 972 1858 ourie
1000 1787 1150 1878 nostre,
1182 1769 1381 1858 lohannes
1411 1772 1644 1889 prepositae,
1677 1769 1844 1860 Goslaus
1873 1771 2053 1877 decanus,

417 1889 583 1978 Alberus
612 1888 902 1977 aremdiaconus
935 1889 1240 1992 CrusuioienseS,
1273 1887 1443 1976 Wislaus
1473 1904 1607 1976 eantur
1638 1888 1845 2005 plocensis,
1880 1887 2053 1979 lacobus

419 2007 711 2096 archidiaconus
736 2005 987 2114 Pomoranio,
1015 2007 1185 2095 lacobus
1198 2007 1328 2094 'diuus
1353 2007 1448 2124 Slup
1474 2007 1691 2093 Canonious
1713 2005 2054 2113 Wladislauiensis,
2113 2067 2123 2082 ,

419 2125 596 2214 Teolinus
617 2126 824 2214 eanonicus
845 2124 1122 2229 Lanoieiensis,
1152 2127 1309 2232 Petrus,
1340 2124 1572 2230 Tomislaus,
1603 2123 1684 2216 Fial
1715 2123 1909 2246 Capeliani
1942 2127 2055 2217 Curio

419 2241 559 2331 domini
577 2239 772 2362 Episcopi,
795 2257 831 2330 et
851 2243 910 2361 alij
933 2273 1044 2364 quam
1066 2243 1192 2363 plures
1213 2243 1288 2332 lide
1310 2241 1427 2364 digni.
1463 2243 1600 2330 Actum
1621 2257 1657 2334 et
1679 2239 1805 2330 datum
1827 2241 1863 2332 in
1888 2247 2053 2345 Gdensle,
2150 2273 2156 2282 ·

419 2363 456 2448 in
485 2359 648 2450 ecelesia
684 2363 804 2450 seneli
838 2359 1014 2476 Nioolay,
1050 2361 1177 2450 indie
1208 2363 1386 2480 ¹Geruasij
1418 2360 1647 2480 etProtasij
1683 2361 1884 2450 martirum.
1941 2363 2054 2452 Anno

422 2478 563 2568 domiui
583 2479 640 2568 Μο
661 2479 744 2568 CC⁰
764 2481 1046 2602 septuagesimo
1067 2482 1238 2602 septimo.

413 2729 418 2840 ἶ
520 2727 562 2816 (⁸)
590 2727 662 2797 Sine
676 2727 768 2798 dubio
781 2729 871 2800 bodie
884 2729 953 2798 nilla
970 2729 1147 2810 lizeotooo,
1162 2731 1193 2798 in
1208 2729 1395 2820 praefectura
1410 2730 1583 2802 Gedanansi
1597 2729 1721 2818 regiona
1736 2727 1963 2817 Stargmdiensi

1183 3049 1296 3168 Clll.

622 3315 1215 3416 neminemnam
1242 3321 1335 3408 me
1359 3322 1431 3414 re
1457 3321 1658 3410 mensu
1682 3323 1861 3410 suase.
1896 3393 1916 3444 ,
1956 3275 1959 3282 ’

415 3555 418 3562 ·
462 3519 757 3596 Messwtnus
779 3521 851 3596 ltux
870 3522 1066 3597 bonormtro
1086 3521 1248 3617 prtritogtr
1269 3543 1290 3598 a
1309 3527 1398 3619 petre
1419 3523 1666 3622 tvlptepeteone
1686 3525 1771 3601 rttltt
1792 3499 2011 3620 Episcopum·

360 3618 365 3636 ‘
462 3623 609 3718 umento
631 3627 665 3699 at
685 3620 881 3698 tonorum
906 3625 938 3697 in
959 3625 1537 3815 mmfflfflwipfflm
1556 3628 1591 3701 et
1612 3627 1701 3696 Novo
1724 3629 1916 3696 wastitiam·
1936 3627 2011 3702 stttr

520 3949 565 4040 lu
584 3952 733 4039 nemim
753 3964 889 4039 sanote
907 3965 946 4040 et
964 3950 1152 4040 indiuiduo
1167 3953 1348 4058 trinitatis,
1369 3981 1491 4040 amen.
1521 3953 1584 4041 Ad
1605 3955 1866 4042 uniuersomm
1882 3955 2056 4044 notioinm

419 4068 633 4160 orthodoxe
651 4067 741 4158 lidei
761 4070 919 4158 liliorum
940 4070 1113 4159 volumus
1133 4072 1350 4188 peruenire:
1384 4071 1485 4191 quod
1506 4101 1591 4160 oum
1613 4103 1686 4162 nos
1706 4072 1966 4194 Mystiwgius,
1994 4071 2056 4160 dei

452 4191 544 4278 ratia
563 4188 652 4277 Dux
672 4187 914 4294 Pomoranie,
943 4221 1058 4309 super
1080 4190 1310 4279 libertatibus
1332 4189 1545 4278 dubitantes
1566 4191 1732 4279 villarum
1753 4191 1928 4280 Eoelesie
1950 4191 2056 4279 Wla·

420 4217 678 4411 dislauiensis,
707 4309 744 4396 in
774 4321 905 4396 nostro
935 4307 1101 4398 dominio
1131 4311 1358 4430 positarum,
1388 4309 1423 4398 in
1454 4310 1545 4426 ipsis
1573 4323 1611 4398 et
1632 4339 1760 4398 earum
1787 4311 1933 4400 oolonis
1961 4308 2057 4398 lure

422 4422 573 4513 duoalia
602 4455 651 4512 ao
683 4425 854 4534 seruitia,
891 4425 992 4515 iuxta
1027 4427 1335 4516 consuetudinem
1367 4429 1485 4518 nostri
1514 4427 1683 4547 dominij‚
1721 4443 1954 4549 peteremus,
1989 4457 2059 4546 per

421 4541 686 4632 venerabilem
707 4557 852 4664 patrem
874 4545 1053 4634 Alberum
1077 4547 1246 4665 Coyauie
1267 4563 1304 4635 et
1325 4544 1555 4636 Pomoranie
1575 4545 1824 4670 Episcopum,
1852 4547 2058 4668 priuilegijs

423 4882 465 4948 ὼ
478 4791 633 4948 “Q
647 4801 852 4884 mmmm
864 4797 1095 4866 membranaceo
1109 4819 1190 4867 anno
1204 4798 1286 4868 taso
1297 4747 1475 4889 resumpto,
1490 4755 1522 4866 iri
1536 4799 1684 4890 tabulario
1698 4799 1818 4888 ospitati
1829 4799 2058 4868 wladislavien-
