4922 5936
1125 754 1189 774 ·-
1242 718 1420 792 reo-

570 925 626 1037 (S.
648 920 710 1032 N.)
731 920 779 1009 Et
799 923 878 1042 eg'o
888 919 1057 1010 Thomas
1071 919 1238 1008 Conradi
1259 919 1308 1008 de
1319 923 1466 1006 Xemcle
1479 912 1548 1028 (³),
1561 917 1723 1006 clericum
1734 920 1996 1010 crccuuiensis
2012 921 2096 1012 dic.

341 1119 348 1128 .
469 1046 579 1144 cesis,
591 1042 761 1247 publicus
777 1041 957 1153 imperiali
972 1043 1192 1127 auctoritate
1212 1039 1390 1142 noerius,
1412 1038 1619 1156 prefatique
1630 1037 1854 1126 venerabilis
1871 1042 1941 1128 viri
1958 1040 2096 1132 domiui

469 1162 594 1250 Stanis
609 1161 655 1266 ei,
675 1159 854 1277 prepositi
875 1161 997 1246 saneti
1016 1157 1200 1246 Johannis
1220 1161 1528 1261 auteGuezuum,
1549 1185 1750 1246 causarum
1772 1169 1809 1244 et
1830 1185 1948 1246 cause
1969 1158 2118 1265 huius,

467 1279 717 1388 modicorum
740 1307 787 1366 eo
807 1278 953 1366 scriba:
985 1276 1087 1392 Quia
1108 1275 1294 1394 predictis¹
1308 1275 1543 1363 contumacic
1563 1275 1825 1376 accusaciuni,
1848 1281 2094 1393 pronunccia·

468 1398 565 1506 cicnj
586 1409 625 1484 et
645 1394 812 1486 eiusdem
834 1395 1000 1502 decretu,
1020 1395 1179 1514 alijsque
1200 1395 1372 1484 omnibus
1393 1408 1431 1480 et
1445 1391 1603 1510 singidis
1624 1395 1836 1509 premissis.
1858 1393 1947 1482 dum
1967 1398 2035 1500 sic,
2057 1413 2096 1486 ut

467 1515 707 1636 premittitur,
736 1515 867 1602 tierent
888 1529 925 1601 et
944 1528 1166 1634 agerentur,
1196 1543 1270 1600 una
1291 1543 1377 1600 cum
1393 1511 1663 1628 prenominatis
1686 1513 1843 1600 testibus
1864 1543 2024 1629 presens
2040 1516 2096 1604 iu·

467 1633 594 1738 terfui,
625 1661 748 1751 eaque
777 1634 901 1720 omnic
922 1646 959 1720 et
979 1633 1128 1750 singula
1150 1631 1336 1748 premissa
1355 1631 1412 1718 sie
1427 1629 1506 1716 fieri
1527 1627 1602 1719 vidi
1623 1644 1659 1716 et
1678 1629 1829 1741 audivi,
1859 1631 1944 1750 alijs
1970 1646 2095 1720 tamen

467 1743 596 1840 arduis
617 1751 833 1869 prepeditus
854 1781 924 1868 per
943 1751 1055 1838 alium
1075 1749 1234 1838 fideliter
1253 1750 1367 1838 scribi
1388 1748 1607 1865 procuraui,
1637 1747 1813 1860 luctaque
1842 1751 2092 1840 auscultacio-

467 1899 516 1957 ne
536 1867 702 1986 diligenti
722 1871 759 1957 in
779 1867 878 1956 hanc
898 1869 1085 1985 publicem
1105 1869 1263 1956 lormam
1284 1866 1437 1985 redegi,
1458 1895 1570 1952 manu
1590 1867 1745 1983 propria
1776 1897 1836 1954 me
1851 1867 2094 1956 subscriben-

467 1986 537 2090 do,
568 1987 758 2106 signoque
778 2003 816 2074 et
836 1987 983 2074 nomine
1003 1989 1096 2074 meis
1117 1987 1235 2074 solitis
1255 2002 1293 2074 et
1312 1985 1506 2073 consuetis
1525 2011 1601 2070 vna
1621 2013 1707 2071 cum
1723 1987 1957 2102 appensione
1983 1985 2095 2106 sigilli

468 2108 663 2193 memorati
693 2105 830 2192 domiui
860 2107 1039 2222 prepositi
1060 2103 1200 2221 judicis
1230 2103 1439 2220 comissarij
1476 2102 1700 2221 consignaui
1735 2103 1770 2190 in
1799 2102 1912 2192 fidem
1933 2119 1972 2193 et
1992 2106 2094 2192 teati-

467 2223 632 2309 monium
654 2224 816 2311 omnium
838 2237 876 2309 ct
896 2221 1130 2341 singulorum
1151 2223 1456 2339 premissorum·
1745 2248 1750 2258 ⁴

568 2345 633 2424 Eu
651 2371 789 2426 acerra
805 2357 916 2452 parte
930 2347 1042 2426 *duim
1069 2345 1278 2453 diplomatis
1303 2346 1459 2452 legitur:

568 2455 658 2575 Ego
679 2457 899 2560 Stenislaus
920 2455 1104 2574 plebanus
1125 2458 1162 2543 in
1185 2463 1418 2563 presumo,
1441 2485 1600 2574 presens
1621 2454 1835 2544 mandatum
1857 2485 1942 2544 sum
1957 2485 2094 2546 execu-

468 2591 527 2664 tus
547 2573 608 2662 die
628 2573 815 2662 dominico
837 2576 921 2691 ipso
942 2575 1003 2662 die
1024 2577 1144 2663 sancti
1164 2575 1309 2664 Tlrcme
1338 2575 1519 2693 apostoli,
1549 2575 1771 2662 auctoritate
1797 2574 2026 2691 apostolice,
2060 2593 2097 2664 et

465 2694 502 2780 iu
522 2695 671 2896 signum
693 2693 844 2778 maioris
865 2694 1150 2782 certificacionis
1170 2693 1232 2780 bic
1252 2723 1312 2780 me
1332 2693 1540 2809 subscripsi
1561 2705 1599 2780 et
1620 2691 1781 2812 sigillum
1801 2693 1991 2812 proprium
2006 2723 2094 2807 pre-

467 2813 561 2898 senti
590 2841 635 2896 us
657 2811 832 2926 impressi
854 2827 928 2899 etc,

568 2927 658 3047 Ego
676 2928 900 3035 Stanisluus,
918 2945 1047 3017 rector
1062 2930 1225 3018 ecclesie
1236 2928 1462 3049 parochialis
1478 2931 1515 3015 in
1532 2931 1742 3029 Colocaruo,
1759 2957 1920 3047 presens
1936 2929 2094 3018 manda-

467 3061 542 3135 tum
563 3047 692 3164 recepi
711 3045 805 3133 XXl
824 3046 886 3134 die
908 3049 1047 3136 mensis
1067 3049 1291 3136 Decembris
1310 3046 1576 3166 apostolicum,
1608 3063 1646 3134 et
1665 3049 1787 3164 ipsum
1807 3064 2093 3155 sumeremus

467 3166 503 3252 in
523 3166 656 3261 formo,
677 3177 714 3252 et
735 3167 770 3250 iu
791 3167 940 3284 signum
961 3169 1203 3254 execuciouis
1224 3198 1284 3254 me
1304 3166 1512 3282 subscripsi
1531 3181 1570 3254 et
1596 3165 1757 3281 sigilium
1778 3169 2094 3285 meumapposui.

566 3281 655 3400 Ego
675 3279 868 3388 Nicolaus,
887 3299 1014 3372 rector
1034 3284 1260 3401 parochialis
1281 3283 1442 3372 ecclesie
1463 3285 1499 3371 in
1519 3289 1773 3399 Nyemlcomc,
1802 3297 1985 3374 executus
2009 3313 2093 3374 sum

466 3429 627 3520 presens
653 3399 873 3488 mandatum
899 3403 1149 3521 apostolieum
1169 3405 1206 3490 in
1226 3405 1346 3493 imma
1377 3401 1439 3490 die
1458 3401 1553 3490 XXI
1573 3405 1714 3492 mensis
1740 3402 1973 3507 decembris,
2000 3403 2094 3490 hura

466 3517 662 3606 terciarum
684 3519 744 3604 uel
763 3521 893 3636 quasi,
923 3534 962 3606 et
982 3521 1018 3608 in
1039 3523 1188 3642 signum
1219 3521 1328 3609 huius
1356 3521 1597 3634 execucionis
1625 3519 1798 3612 faciende
1819 3521 1903 3636 (sic)
1933 3520 2093 3641 sigillum

468 3663 590 3722 meum
612 3637 803 3754 proprium
824 3638 1074 3756 subappendi.
1208 3697 1212 3706 ·

566 3883 608 3968 (⁸)
636 3883 722 3966 Xipt
734 3883 879 3973 oppidum
895 3865 925 3955 et
938 3886 1009 3956 uilla
1020 3888 1165 3956 territorii
1178 3896 1210 3955 et
1223 3889 1356 3975 regionis
1371 3889 1612 3976 ldieclmrieurle.
