4926 5940
1055 735 1330 810 -aaa-

375 938 612 1039 auscultaris,
643 939 738 1026 inter
757 967 830 1026 nos
851 952 994 1026 matura
1022 935 1300 1026 deliberacione
1327 935 1543 1054 prehabito,
1574 961 1747 1048 aquaque
1768 935 1877 1024 lance
1892 939 2004 1055 justi-

219 1087 222 1097 ·
375 1061 434 1146 cie
462 1058 668 1159 discussis,
705 1056 756 1143 ad
791 1071 960 1143 nostram
996 1057 1225 1143 sentenciam
1261 1055 1473 1142 arbitralem
1511 1056 1788 1172 processimus,
1820 1085 1932 1173 quam
1966 1059 2003 1144 in

374 1177 523 1291 scriptis
544 1174 692 1261 tulimus
713 1188 751 1261 et
771 1175 1146 1286 pronuncciauimuS,
1176 1204 1225 1260 ac
1244 1174 1395 1268 feriatus
1417 1187 1454 1260 el
1475 1173 1790 1289 pronuncciamus
1810 1173 2001 1262 huiusmo-
2158 1209 2167 1230 ·

373 1293 413 1380 di
433 1293 504 1382 sub
525 1309 667 1380 tenore:
689 1287 723 1410 †
745 1291 856 1381 Cristi
871 1292 1020 1390 nomine
1041 1293 1230 1395 invocato,
1252 1321 1321 1408 pro
1342 1292 1514 1379 tribunali
1535 1290 1714 1378 sedentes
1736 1307 1772 1377 et
1793 1291 1915 1378 solum
1938 1292 2002 1379 de·

374 1439 438 1498 um
457 1411 640 1499 habentes
668 1439 736 1527 pre
764 1409 902 1517 oculis,
940 1408 989 1495 de
1010 1409 1312 1526 jurisperitorum
1343 1408 1520 1514 consilio,
1551 1437 1599 1496 ac
1629 1424 1773 1496 matura
1803 1409 1899 1498 inter
1929 1439 2002 1498 nos

373 1527 650 1617 deliberacione
678 1526 874 1644 prehabito
891 1525 1069 1648 diligenti,
1089 1555 1138 1613 ac
1158 1557 1228 1644 per
1248 1555 1312 1633 ea,
1344 1557 1418 1645 que
1438 1528 1473 1613 in
1495 1529 1659 1644 presenti
1690 1555 1810 1614 causa
1839 1526 1999 1616 vidimus

373 1661 412 1732 et
431 1647 698 1764 cognovimus,
729 1645 900 1734 videmus
930 1659 968 1732 et
998 1647 1270 1766 cognoscimus
1300 1642 1349 1732 de
1379 1645 1564 1762 presenti,
1604 1677 1673 1762 per
1701 1644 1801 1732 hanc
1831 1661 2000 1734 nostram

372 1765 601 1852 sentenciam
631 1761 862 1866 arbitralem,
893 1793 1004 1881 quam
1033 1765 1186 1852 [erimus
1216 1764 1252 1850 in
1274 1763 1344 1878 hijs
1371 1764 1520 1880 scriptis
1562 1762 1871 1881 pronuncciando
1908 1763 2001 1851 dici-

372 1913 475 1984 mus,
505 1881 727 1984 laudamus,
753 1879 987 1987 ordinamus,
1019 1880 1237 1986 diffinimuS,
1267 1881 1504 1968 arbitramur·
1522 1898 1559 1968 et
1586 1879 1859 1969 declaramusz'
1876 1882 2000 1970 villam

371 2001 647 2098 Mriosluaicze,
670 1998 862 2117 wlgariter
875 1997 1169 2118 'nunccupatam
1190 2000 1225 2085 in
1247 1998 1415 2086 districtu
1436 1998 1652 2086 lanciciensi
1673 2003 1801 2104 sitam,
1822 1999 1876 2089 ad
1895 2002 2000 2118 capi-

371 2117 487 2204 tulum
507 2116 669 2204 ecclesie
688 2115 890 2234 collegiata
909 2131 1042 2204 sancte
1062 2115 1184 2204 Maria
1212 2117 1451 2204 lanciciensis
1475 2114 1701 2232 pertinuisse
1723 2131 1760 2204 el
1784 2131 1998 2234 spectasse,

372 2235 633 2352 pertinereque
654 2249 691 2320 et
711 2237 886 2351 spectare
915 2233 964 2324 de
987 2237 1075 2352 jura
1101 2234 1253 2341 debera
1304 2234 1648 2354 Venerabilemque
1669 2236 1786 2336 virum
1808 2235 1999 2324 dominum

372 2353 526 2460 Petrum
546 2351 717 2455 Boleste,
738 2355 969 2468 prepositum
991 2351 1159 2438 eiusdem
1181 2353 1344 2440 ecclesie
1364 2353 1600 2440 lanciciensis
1621 2367 1658 2440 el
1679 2352 2000 2468 prothonotarium

372 2471 486 2558 Sedis
506 2469 727 2588 apostolice,
749 2468 797 2556 de
811 2471 1040 2586 proprietate
1055 2467 1141 2556 ville
1159 2475 1429 2559 Mr'roslcuicze
1449 2498 1495 2555 se·
1514 2472 1760 2558 intromisisse
1781 2471 1830 2558 de
1846 2473 1945 2560 lacto
1962 2486 2000 2559 et

372 2586 526 2678 nonde
540 2589 645 2706 jure:
691 2585 742 2674 ob
772 2586 875 2706 quod
906 2585 1027 2674 eidem
1059 2586 1210 2674 domino
1241 2587 1360 2674 Petro
1391 2589 1584 2706 pr'eposito
1615 2617 1732 2704 super
1767 2591 1999 2704 proprietate

372 2705 542 2824 predicte
562 2705 647 2796 ville
673 2720 892 2822 perpetuum
922 2705 1116 2792 silencium
1144 2707 1369 2822 imponimus
1390 2736 1458 2822 per
1478 2718 1694 2822 presentes,
1725 2718 1763 2791 et
1783 2705 1854 2792 heo
1873 2709 1999 2792 omnia

369 2825 584 2926 laudamus,
616 2823 858 2926 arbitramur,
890 2821 1107 2940 dilsmimuS,
1149 2823 1306 2912 dicimus
1336 2839 1451 2942 atque
1479 2823 1738 2910 inviolabiliter
1772 2824 1998 2940 precipimus

369 2943 450 3031 deii
471 2959 508 3032 et
529 2944 744 3046 obseruari,
764 2941 836 3031 sub
858 2973 955 3059 pena
976 2941 1323 3034 millellorenorum
1343 2943 1425 3030 auri
1446 2943 1544 3060 puri,
1566 2943 1649 3029 iusti
1670 2940 1850 3060 ponderis
1871 2945 1907 3030 in
1924 2943 1998 3031 sin·

368 3061 469 3180 gulis
488 3061 660 3180 capitulis
688 3059 789 3148 laudi
810 3077 847 3150 et
867 3061 1145 3177 compromissi,
1182 3061 1214 3150 si
1242 3073 1374 3149 contra
1402 3062 1540 3148 lactum
1570 3061 1688 3166 luerit,
1718 3061 1997 3166 committenda,

369 3179 478 3294 saluo
497 3193 535 3268 et
554 3196 751 3267 reseruato
780 3180 890 3269 nobis
919 3180 1092 3283 arbitrio,
1125 3193 1163 3268 et
1182 3193 1368 3297 potestate
1396 3178 1633 3284 declarandi,
1663 3178 1929 3295 interpretandi
1960 3197 1998 3268 et

368 3297 603 3418 corrigendi,
634 3314 671 3386 et
691 3313 810 3416 super.
827 3297 1005 3416 predictis
1021 3299 1251 3417 'ubicumque
1272 3313 1310 3386 et
1331 3297 1645 3416 quandocumque
1665 3299 1785 3385 visum
1807 3298 1913 3384 luerit
1933 3329 1997 3384 ex-

367 3417 512 3532 pedire,
544 3429 719 3533 et'super
748 3417 991 3533 predictiset
1019 3416 1185 3530 quolibet
1214 3416 1467 3536 predictomm
1497 3418 1628 3505 iterum
1659 3416 1775 3504 semel
1797 3429 1835 3504 ct
1852 3414 1996 3537 pluries

367 3534 673 3648 pronuncciandi.
723 3531 858 3641 Lecta,
888 3534 966 3624 lata
987 3553 1025 3623 et
1044 3538 1081 3624 in
1101 3537 1253 3653 scriptis
1283 3535 1554 3652 pronuncciata
1583 3549 1644 3624 est
1663 3535 1735 3622 hec
1755 3549 1886 3623 nostra
1906 3565 1996 3624 sen-

368 3651 717 3758 tenciaarbitralis,
757 3685 825 3771 per
853 3682 925 3742 nos
960 3653 1228 3742 Strzesconem
1262 3655 1486 3741 canonicum
1516 3654 1714 3757 arbitrum,
1735 3651 1996 3742 arbitratorem

366 3782 404 3854 et
437 3771 674 3858 amicabilem
706 3773 1016 3890 compositorem,
1052 3772 1089 3859 in
1110 3771 1225 3886 opido
1240 3777 1417 3875 ‚Locren
1453 3775 1489 3860 in
1519 3771 1634 3860 domo
1655 3771 1901 3859 habitacionis
1924 3801 1995 3859 no-

365 3901 460 3989 stre,
491 3888 562 3977 sub
594 3919 695 3978 auno
726 3917 752 3976 a
782 3891 973 3978 natiuitata
1008 3889 1176 3977 eiusdem
1207 3889 1289 4002 (sic)
1318 3889 1514 3978 millesimo
1541 3888 1916 4008 quadringentesimo
1938 3889 1993 3974 vi·

364 4006 507 4092 cesimo
532 4007 666 4114 tercio,
702 4005 888 4097 indicione
914 4009 1055 4124 prima,
1092 4007 1328 4124 pontificatus
1359 4003 1586 4095 sanctissimi
1621 4009 1658 4092 in
1689 4003 1839 4093 Christo
1872 4007 1992 4120 patris
2021 4103 2025 4111 ¹

364 4137 403 4212 et
436 4120 576 4208 domini
607 4127 746 4228 nostri,
781 4125 920 4213 domini
954 4125 1117 4226 Martini,
1151 4123 1276 4212 diuina
1313 4123 1559 4238 prouidenoia
1594 4153 1693 4241 pape
1729 4123 1855 4235 quinti,
1890 4153 1992 4210 anno
2068 4165 2071 4172 ⁴

364 4255 492 4345 sexto,
530 4237 592 4326 die
626 4267 720 4328 vero
756 4242 904 4328 veneris
935 4241 1114 4328 vicesima
1150 4241 1265 4327 tercia
1306 4243 1446 4328 mensis
1486 4241 1628 4358 aprilis,
1671 4239 1766 4326 hora
1807 4269 1991 4357 vespera·

363 4387 443 4444 rum
463 4357 523 4447 vel
542 4357 662 4467 quasi.
698 4357 944 4446 Prosentibus
964 4355 1101 4443 ibidem
1121 4355 1295 4444 discretis
1316 4357 1421 4460 viris,
1443 4355 1619 4446 dominis:
1636 4357 1816 4445 tetanus
1836 4370 1989 4446 rectore

387 4474 606 4564 aurochialis
627 4475 788 4564 ecclesie
817 4475 853 4562 in
883 4481 1100 4578 erhlrewo,
1131 4473 1286 4564 Andron
1321 4473 1514 4580 Trawioz,
1549 4475 1583 4563 F
1585 4474 1743 4564 lloriano
1764 4489 1802 4564 et
1820 4473 1988 4563 Martinu

358 4506 549 4698 biblinae
562 4593 719 4692 Alberto
735 4591 961 4699 Chmelonis,
976 4591 1193 4710 presbiteris
1214 4591 1350 4681 ibidem
1372 4593 1421 4681 de
1435 4599 1594 4696 Locum,
1614 4595 1844 4714 gneznensis
1860 4592 1989 4681 dioce-

361 4710 434 4813 sis,
462 4710 618 4799 testibus
639 4714 743 4800 circa
762 4713 959 4825 premissa.
1006 4709 1228 4824 inquorum
1250 4713 1412 4799 omnium
1435 4710 1545 4799 lidem
1566 4727 1605 4800 et
1626 4711 1875 4799 testimonium
1898 4741 1986 4827 pre·

361 4827 570 4930 missorum,
590 4845 789 4948 presentes
809 4830 955 4937 literas,
977 4843 1144 4918 nostram
1165 4828 1379 4918 arbitralem
1400 4831 1631 4920 sentenciam
1660 4829 1698 4918 in
1722 4859 1766 4918 se
1788 4829 1985 4918 continen-
