4896 5926
1111 739 1173 752 -.
1211 698 1282 772 ao·
1317 737 1367 752 -›
1509 685 1512 696 ·

422 904 551 994 uenire
571 899 790 1022 neglexerit,
811 927 976 987 marcam
997 899 1146 1018 argenti
1163 897 1309 988 'usualis
1329 895 1438 986 nobis
1459 896 1593 1000 soluat,
1614 897 1646 984 si
1668 899 1736 985 s'ue
1756 895 1953 989 abscentie
1972 899 2060 1011 (sic).

422 1022 667 1112 sufficientem
688 1047 763 1106 non
784 1015 991 1106 ostenderit
1009 1045 1182 1104 causam:
1214 1046 1326 1134 quom
1347 1014 1555 1104 scolthetus
1576 1014 1648 1103 loci
1669 1013 1784 1122 illius,
1814 1017 1846 1104 si
1866 1015 1992 1122 iurarit,
2007 1033 2058 1104 ct

422 1143 457 1227 si
488 1169 564 1229 non
597 1139 707 1225 luerit
741 1135 967 1241 seolthetus,
1003 1134 1176 1222 discutiet
1211 1149 1448 1252 procurator.
1504 1132 1547 1220 ln
1583 1131 1787 1251 sepedictis
1823 1163 1917 1222 vero
1952 1132 2057 1238 locis,

422 1272 572 1346 moneta
598 1270 728 1344 nostra
757 1266 882 1340 curret
901 1252 1060 1359 usualis,
1091 1282 1220 1338 uerum
1243 1267 1368 1339 tamm
1387 1251 1615 1338 menolarius
1635 1250 1717 1362 (sie)
1739 1265 1890 1356 noster,
1919 1250 2066 1339 nullam·

421 1373 558 1464 ibidem
593 1373 849 1460 cohertionem
882 1369 1043 1457 habebit
1094 1368 1174 1456 Sed
1211 1370 1242 1455 si
1280 1371 1364 1488 quis
1399 1371 1570 1456 inuentus
1605 1369 1714 1455 luerit
1749 1369 1881 1462 lalsam
1909 1367 2059 1458 babens

422 1507 609 1580 monetam

421 1611 550 1726 nuntij.
598 1521 815 1694 dedicatum
846 1635 997 1725 quoque
1027 1605 1122 1692 inter
1150 1633 1221 1691 nos
1251 1618 1289 1690 et
1314 1603 1504 1694 dominum
1534 1601 1767 1720 Episcopum
1798 1633 1867 1722 ρετ
1895 1601 2056 1716 medium

422 1725 620 1816 diuidetur.
663 1724 849 1812 Homines
870 1725 1000 1825 eciam,
1022 1723 1084 1840 qui
1104 1720 1154 1808 ad
1174 1721 1447 1838 beneplacitum
1469 1719 1607 1807 domini
1628 1721 1808 1840 episcopi,
1828 1719 2056 1850 prelatorum

423 1859 462 1933 et
482 1843 765 1947 canonicorum,
791 1841 827 1926 in
848 1839 1053 1958 sepedictis
1074 1839 1168 1926 locis
1189 1853 1227 1926 et
1246 1838 1341 1926 uillis
1362 1841 1496 1926 luerint
1515 1838 1646 1944 locati,
1672 1867 1741 1954 per
1761 1853 1882 1928 terras
1902 1853 2056 1928 nostras

423 1975 613 2082 alequas
643 1990 728 2047 cum
754 1957 1008 2074 mercimonijs
1038 1970 1294 2062 transeuntes,
1330 1957 1380 2044 ab
1408 1957 1508 2045 omni
1533 1955 1696 2048 baelonei
1725 1959 1923 2046 exactione
1952 1955 2057 2044 liberi

424 2095 533 2171 erunt
560 2078 708 2194 penitus
739 2090 776 2162 et
802 2076 994 2162 immunes.
1046 2071 1136 2161 Non
1162 2073 1396 2162 obstantibus
1425 2073 1634 2194 priuilegijs
1663 2074 1835 2162 omnibus
1863 2089 1900 2162 et
1921 2075 2056 2164 insuu-

424 2196 559 2285 mentis
588 2195 705 2313 patris
734 2193 852 2280 nostri
878 2207 914 2280 et
934 2192 1090 2279 aliorum
1112 2193 1396 2311 progenitopum
1417 2207 1651 2296 nostrorum,
1681 2191 1752 2278 sub
1773 2221 1902 2280 eorum
1925 2191 2057 2310 sigillis

413 2313 626 2404 cunleeds:
659 2341 732 2430 que
762 2311 886 2397 omnia
916 2324 954 2398 et
973 2309 1122 2427 singula
1153 2311 1189 2395 in
1220 2309 1458 2427 presentibus
1487 2335 1733 2415 remeamus,
1761 2325 1799 2398 et
1819 2307 2057 2399 decerninus

688 1521 730 1577 er
758 1487 980 1578 scoltlretum
1012 1487 1084 1574 loci
1111 1487 1206 1574 illius
1234 1516 1351 1574 causa
1378 1485 1615 1592 iudicabitur,
1646 1485 1695 1574 ad
1718 1485 1910 1604 querelam
1934 1487 2085 1577 nostri
2238 1540 2243 1550 ι

426 2460 503 2520 non
525 2429 692 2546 optinere
712 2428 795 2538 (sic)
821 2427 971 2516 roboris
991 2425 1219 2533 firmitatem3
1248 2456 1324 2514 non
1345 2425 1581 2516 obstantibus
1602 2427 1723 2514 eciam
1743 2428 1892 2517 statutis
1910 2443 2061 2516 steen·
2206 2516 2209 2527 ,

426 2547 684 2636 stituoionibus
704 2547 830 2647 laetis,
859 2544 919 2630 uel
940 2575 1009 2662 per
1029 2571 1111 2648 nos,
1132 2543 1193 2631 uel
1213 2557 1365 2634 nostros
1385 2573 1635 2633 successores
1655 2545 1898 2662 imposterum
1917 2545 2057 2633 lacien-
2165 2559 2168 2568 '

425 2664 505 2773 ais,
536 2679 574 2752 et
592 2694 667 2752 nun
690 2662 925 2750 obstantibus
946 2662 1118 2749 omnibus
1138 2662 1285 2780 auxilijs
1306 2662 1394 2752 iuris
1417 2663 1598 2750 Canonici
1626 2677 1663 2750 et
1689 2660 1863 2782 Legalis,
1892 2691 1962 2780 ρετ
1981 2691 2056 2780 quo

423 2783 612 2984 ρτεεειτρρε
640 2778 910 2983 lactihplpngtcrp
938 2777 1581 2984 Ieternppltpatiopualeatfiibmpedppi.
1617 2777 1767 2986 '‘Aetrrsm
1796 2781 1831 2984 ip
1865 2783 2072 2984 dmspr'cb'

424 2929 525 2988 anno
589 2927 701 2986 omnu
1161 2962 1170 2981 .
1261 2927 1372 2987 resen
1429 2929 1493 2986 us:
1556 2925 1681 2986 omino
1744 2925 1804 2984 am
1832 2925 1914 2985 ono
1985 2921 2057 2983 uce

426 3013 665 3119 Pomoranie,
691 3011 847 3100 Matheo
868 3013 1043 3129 palatino,
1066 3013 1298 3110 Wirtboslao
1318 3014 1453 3104 ludioe
1472 3016 1575 3104 curie
1595 3021 1736 3124 nostre,
1765 3015 1882 3119 Petro
1902 3015 2061 3104 tbeaau÷z

426 3133 537 3238 rario,
557 3131 755 3220 Prebislao
777 3145 815 3216 et
835 3130 957 3217 Paulo
978 3129 1153 3218 iratribus
1174 3130 1284 3220 dietis
1301 3131 1537 3248 wysselica,
1569 3131 1768 3250 Raphaele
1787 3135 1907 3221 eciam
1928 3148 2059 3223 nostro

426 3251 530 3338 curie
557 3248 801 3352 cancellario,
831 3246 921 3333 Vito
948 3248 1156 3364 preposito,
1184 3247 1326 3337 Albero
1354 3249 1513 3356 decano,
1542 3250 1737 3368 Stephano
1764 3249 2056 3355 drobidiaeono,

426 3366 632 3456 Sandislao
661 3361 831 3452 Custode
850 3361 1251 3475 Wladislauiensibus,
1285 3365 1459 3456 debanna
1480 3369 1694 3485 preposito,
1730 3367 1875 3456 Goslao
1897 3366 2063 3473 decano,

425 3483 634 3600 Lyphardo
664 3480 954 3588 Archidiaoouo,
983 3481 1140 3571 Alberto
1171 3481 1356 3591 Contere,
1388 3485 1639 3590 wenceslao,
1668 3483 1872 3592 Michaele,
1902 3485 2056 3592 Albero,

425 3600 601 3688 lobanne
621 3599 864 3706 [canonicist]
888 3599 1216 3691 Crusuiciensibus
1239 3618 1277 3692 et
1296 3603 1378 3720 aliis
1401 3632 1512 3721 quam
1533 3601 1700 3720 pluribus
1721 3601 1797 3690 lide
1816 3603 1953 3722 dignis.
2006 3601 2063 3688 Ut:

425 3729 552 3806 autem
578 3715 650 3804 hec
670 3716 794 3802 omnia
820 3731 858 3803 et
877 3717 1026 3851 singula
1054 3718 1091 3804 in
1111 3733 1331 3836 perpetuum
1351 3719 1501 3808 roboris
1518 3719 1815 3836 ¹optineant-(sic)
1835 3719 2055 3824 firmthem,

424 3849 639 3954 presentem
660 3833 817 3920 litteram
837 3849 955 3921 nostru
975 3833 1086 3954 sigilli
1107 3837 1303 3924 munimine
1324 3834 1497 3924 duximus
1517 3836 1782 3926 roborandam.
1929 3865 1933 3873 ’
2029 3843 2035 3850 ’

527 3952 571 4039 ln
591 3952 698 4040 cuius
718 3951 772 4037 rei
793 3951 1053 4058 testimonium,
1073 3959 1271 4070 presentes
1290 3953 1432 4042 litteras
1452 3952 1532 4043 deri
1551 3955 1725 4063 fecimus,
1751 3956 1926 4044 et‘nostri
1945 3953 2056 4090 sigilli

425 4069 660 4187 appensione
680 4067 823 4155 muniri
848 4067 998 4156 'Datum
1019 4070 1055 4156 in
1079 4069 1219 4160 Castro
1239 4076 1490 4185 Smponiensi
1505 4067 1560 4184 (²)
1581 4071 1841 4163 anno'domini
1861 4071 2056 4162 millesimo

426 4187 518 4275 (Ὀ
535 4177 694 4274 Lxxx⁶
728 4183 778 4274 V.
814 4184 1013 4275 Kalendas
1039 4183 1140 4304 lunii
1174 4189 1247 4302 (28
1275 4187 1389 4307 Maji)
1417 4188 1518 4278 Vlll.
1548 4189 1772 4296 indictione,
1808 4189 2060 4282 Pontificatus:

427 4301 568 4394 domini
586 4301 735 4392 Nicolai
755 4332 856 4422 pape
876 4304 998 4421 tercii,
1027 4333 1128 4395 anno
1150 4307 1279 4395 tercio.
1975 4385 1979 4392 .
2023 4333 2025 4336 ·

530 4548 570 4632 (²)
600 4548 788 4637 Quadam
801 4551 906 4637 (Gran)
920 4555 1064 4641 oppidum
1078 4563 1253 4626 erasarum
1267 4558 1358 4624 situm
1372 4557 1410 4624 ad
1423 4557 1612 4636 meantum,
1634 4559 1665 4632 in
1681 4577 1772 4645 quem
1787 4557 1894 4626 duritas
1913 4553 2002 4626 Grort
2020 4577 2062 4626 aa·

427 4633 564 4711 munde
578 4634 609 4700 in
623 4635 801 4726 comitatus
832 4639 839 4653 '
881 4639 978 4710 aiensi
991 4640 1022 4704 in
1038 4637 1171 4708 inferiori
1185 4642 1341 4728 ilungaria
1355 4643 1455 4720 situm,
1468 4661 1522 4708 sex
1535 4641 1711 4709 milliaribus
1726 4642 1763 4708 ab
1778 4663 1818 4730 op
1840 4641 1889 4710 ido
1908 4639 2056 4711 cenosa

426 4717 550 4786 distans.
584 4718 834 4810 archiepiscopus
871 4723 1079 4810 trigoniensis‚
1100 4725 1152 4813 qui
1167 4747 1252 4792 suam
1267 4726 1368 4794 sedem
1384 4725 1550 4812 Tyrnauiae
1563 4724 1707 4809 habebat,
1730 4734 1796 4794 erat
1816 4663 1934 4794 lrimas
1955 4724 2061 4810 Regni

426 4803 609 4890 mangenae.
635 4844 639 4854 ·
