4926 5940
1061 731 1337 804 ...445-

391 938 509 1030 tinere
528 932 668 1022 debent
696 945 878 1051 perpetuu
914 927 964 1020 cd
1000 929 1201 1028 ecelesiam
1234 929 1271 1019 in
1291 934 1454 1030 Scdlrrc,
1483 943 1519 1020 et
1539 943 1710 1020 meteres
1739 933 1865 1046 ipsius.
1924 936 2016 1026 Item

390 1053 724 1174 prunumaiamus,
744 1048 970 1154 laudamus,
991 1049 1215 1148 arbitrantur
1236 1061 1272 1134 et
1293 1046 1510 1149 diffinimus:
1533 1047 1635 1166 quud
1657 1048 1803 1136 decime
1823 1069 1909 1167 pust
1929 1084 2016 1142 ara·

389 1189 494 1262 turae
513 1187 588 1260 tant
610 1169 796 1274 nobilium,
817 1195 929 1284 quam
951 1165 1191 1259 lrmetbuuum
1211 1169 1441 1256 inCltetcwc
1462 1166 1627 1256 similiter
1647 1171 1856 1285 pertineant
1876 1187 1914 1258 et
1933 1203 2017 1288 per·

389 1292 516 1380 tinere·
537 1289 702 1376 debeant
730 1286 779 1373 ad
811 1286 948 1374 dictam
979 1285 1177 1386 ecclesiam
1208 1287 1244 1376 ln
1269 1291 1432 1386 Sadtuc,
1465 1301 1577 1402 prout
1607 1287 1728 1403 ipsum
1767 1291 1958 1378 Cllcbcuc
1980 1295 2019 1378 in

389 1407 561 1498 limitibus
581 1420 641 1496 est
660 1405 874 1502 distinctum
892 1419 929 1492 et
949 1404 1151 1496 limitatum.
1202 1403 1292 1498 lteru
1315 1405 1647 1519 pronunceiamus,
1676 1405 1912 1516 arbitramur,
1934 1441 2020 1498 sen·

389 1529 596 1624 &nummus
626 1537 664 1612 et
692 1523 909 1614 diffinimus:
940 1521 1043 1641 quod
1061 1522 1212 1612 ¹decime
1246 1534 1334 1639 pust
1368 1533 1542 1640 araturas
1578 1524 1738 1613 omniurn
1775 1525 2017 1626 kmetbunum

389 1645 598 1734 colencium
628 1669 751 1767 agros
770 1655 845 1732 tatu
865 1669 1007 1747 maus,
1039 1669 1150 1759 quam
1170 1641 1357 1758 antiquus,
1370 1640 1576 1759 extirpatus
1603 1657 1640 1731 et
1660 1644 1902 1759 extirpandos
1922 1676 1947 1732 a
1967 1647 2019 1734 si·

389 1763 493 1884 gnis,
524 1761 698 1858 videlicet
726 1790 752 1858 a
778 1762 859 1868 via,
891 1789 966 1877 qua
995 1759 1128 1849 dieitur
1156 1767 1222 1858 eiu
1239 1765 1428 1873 Episcopi,
1459 1759 1660 1880 usquead
1691 1763 1833 1878 pirum,
1865 1777 2020 1880 quaest

389 1897 476 1972 aute
494 1879 621 1968 villam
638 1885 793 1985 Sudlnc,
815 1893 853 1969 et
871 1907 895 1968 a
916 1880 999 1996 piru
1020 1905 1143 1996 usque
1163 1876 1213 1964 ad
1230 1891 1393 1966 muntem
1411 1907 1556 1994 parwm
1579 1880 1664 1990 (sic)
1684 1882 1821 1980 dictam
1845 1886 2020 1970 cirrhaei

390 2032 470 2101 cuc,
490 2012 527 2086 et
547 2029 571 2086 a
592 1997 693 2086 dictu
714 2011 839 2084 munte
860 2027 981 2114 usque
1000 1995 1051 2084 ad
1076 2002 1312 2098 Grandem,
1332 2011 1413 2082 eta
1438 2001 1797 2115 Crocibradusque
1818 1999 1867 2084 ad
1892 2004 2020 2088 Glem-

391 2123 602 2229 buleybrcd,
635 2145 709 2233 que
728 2116 841 2233 signa
861 2129 947 2202 sunt
967 2114 1004 2200 in
1025 2112 1167 2200 eisdem
1196 2110 1463 2200 hereditatibus
1482 2119 1626 2200 Scdtnc
1648 2131 1684 2202 at
1707 2121 1916 2202 Gllcbnwc:
1947 2147 2022 2204 nec

390 2263 466 2326 nou
496 2232 641 2323 decima
670 2245 758 2348 pust
777 2244 952 2320 araturas
981 2231 1116 2318 nobilis
1145 2229 1389 2344 Zentyanthe
1411 2227 1562 2321 heredis
1581 2229 1728 2331 ¹'ibidem
1751 2235 1786 2320 in
1807 2240 1951 2327 Sudlne
1972 2232 2022 2322 dc

391 2366 535 2469 septem
552 2349 772 2453 mansismt
785 2362 923 2464 enpust
936 2375 1088 2434 suorum
1111 2374 1379 2436 successurum
1401 2347 1475 2437 iam
1497 2348 1704 2462 extirpatus
1721 2351 1804 2461 (sic)
1826 2365 1866 2438 et
1886 2367 2022 2469 expuet

391 2466 646 2587 extirpandos,
667 2464 832 2556 similiter
851 2463 901 2550 ad
929 2463 1128 2554 ecclesiam
1149 2467 1185 2552 in
1207 2469 1471 2553 Brcnc'scltcwu
1492 2478 1530 2553 et
1549 2493 1643 2553 suus
1664 2494 1914 2557 successures
1933 2499 2023 2585 per·

391 2590 532 2690 timeant
549 2600 589 2674 et
608 2585 796 2704 pertinere·
824 2580 997 2672 debeant.
1047 2581 1139 2672 ltem
1168 2582 1508 2700 pronuncciemus,
1537 2579 1714 2681 dicimus,
1743 2587 2035 2674 sentenciamus·

392 2721 429 2794 et
449 2705 692 2800 arbitramur:
723 2699 826 2814 quud
847 2730 918 2818 pru
938 2699 1096 2792 decimis
1117 2701 1198 2808 lini,
1218 2698 1370 2818 quando
1393 2701 1428 2790 in
1448 2701 1556 2817 agris
1575 2702 1748 2819 antiquis,
1772 2717 1874 2790 retro
1894 2731 2023 2794 aream
2149 2746 2156 2758 ·

392 2824 520 2912 relicte
540 2821 656 2925 Luce,
677 2822 860 2906 frumenta
882 2820 1050 2907 estiualia
1071 2835 1199 2907 rector
1213 2816 1375 2906 ecclesie
1391 2818 1426 2904 in
1440 2825 1705 2906 Brone‘sclccuo
1720 2821 1930 2938 perciperet
1952 2850 2023 2938 pru

393 2957 563 3057 tempure
584 2939 787 3028 existentes
798 2937 891 3050 (sie),
907 2949 997 3026 tunc
1010 2967 1122 3025 unum
1139 2940 1321 3026 fertonem
1343 2938 1526 3026 currentis
1548 2951 1697 3026 monete
1718 2953 1843 3026 rector
1863 2939 2026 3031 ecclesie

305 3093 312 3106 ·
395 3061 432 3146 in
452 3063 596 3146 Sudlno
617 3087 688 3174 pru
710 3055 852 3144 eisdem
875 3055 1029 3144 decimis
1049 3055 1184 3158 abluet
1204 3056 1296 3147 lter'u
1316 3055 1653 3171 ptrununaciamus,
1684 3055 1859 3162 dicimus,
1891 3057 2025 3144 decer-

394 3177 534 3283 nimus,
565 3175 819 3280 declaramus,
851 3175 1148 3280 sentenciunrus‚
1172 3175 1371 3262 dillinimus
1392 3189 1428 3262 et
1448 3174 1691 3260 arbitramur:
1723 3175 1824 3290 quud
1847 3191 2026 3291 percepta

395 3295 654 3429 preteritorum
675 3321 876 3396 annorum,
907 3323 981 3412 que
1002 3293 1171 3411 percepit
1204 3294 1404 3411 predictus·
1425 3283 1598 3380 deminus
1622 3287 1815 3398 lacubus,
1832 3293 2026 3410 „plebanus

390 3443 431 3526 ⁸rn
451 3417 616 3518 Sadtno,
644 3424 685 3498 'et
704 3441 872 3530 expense
891 3412 929 3498 in
950 3413 1032 3499 lites
1052 3413 1152 3500 lacte
1173 3425 1365 3513 transeant
1386 3410 1578 3528 hincinde
1600 3427 1849 3526 compensate
1865 3425 1902 3498 et
1921 3440 2026 3498 com-

396 3543 567 3646 pensata.
600 3529 710 3648 'ltem
744 3527 847 3649 ¹quud
883 3529 980 3618 dictu
1011 3530 1314 3650 partesldicta'm
1352 3519 1783 3620 nostranlssntencian
1812 3527 2025 3626 arbitralem

397 3646 686 3767 emulogabunt,
718 3640 1001 3766 approbabunt,
1032 3632 1212 3766 recipient
1242 3663 1279 3735 et
1299 3638 1421 3734 eidein'
1448 3641 1623 3734 obedient
1643 3645 1716 3735 sub
1735 3661 1833 3765 pe‘na
1854 3649 2027 3764 superius

395 3761 600 3882 descripta.
650 3763 793 3871 Lecta,
824 3767 898 3856 lala
918 3768 1013 3854 elin
1029 3768 1181 3884 seriptis
1206 3765 1482 3883 prunubcciala
1498 3781 1557 3854 ast
1576 3764 1649 3854 beu
1674 3777 1804 3855 nuslra
1833 3765 2027 3858 sentencia

395 3881 582 3974 arbitmlis
599 3956 603 3964 ,
612 3913 681 4000 per
705 3893 779 3973 aas
808 3883 1027 3987 Alaricum
1058 3883 1308 3976 benedictum
1329 3881 1561 3987 bttuatur,
1583 3899 1637 3974 ‚et
1669 3881 1877 3983 Nicolaum,
1907 3910 2027 3989 annu,

394 3999 984 4120 indicionespuntilrcatu,die,
1014 4035 1171 4108 mensa,·
1197 4003 1477 4094 humellum,
1508 4003 1652 4116 qubus-
1672 4030 1829 4116 suprna:
1862 4001 2027 4091 Pressu-

397 4115 496 4206 tibus
517 4117 726 4204 honorabili
745 4129 785 4206 et
804 4119 976 4209 diseretis
997 4122 1098 4224 v'iris,
1119 4121 1290 4208 dominis:
1307 4117 1497 4206 Slanislau
1510 4119 1560 4204 de
1573 4124 1770 4220 ¹Iludzi‘cuc
1788 4115 1858 4228 (⁴),
1879 4116 2029 4206 Baecu-

395 4235 529 4322 laurau
549 4233 714 4352 pbbanu
735 4237 855 4323 saneti
881 4235 1081 4352 Laurenuij
1100 4236 1441 4340 unmuneznam',
1472 4235 1705 4355 Peregrina,
1735 4235 1915 4342 Albam,
1941 4233 2028 4324 Ru·

394 4380 534 4460 uana,
566 4368 603 4442 et
624 4350 800 4447 Nicolau-
822 4353 1037 4463 Piascunis,
1069 4353 1280 4442 Aduncatis
1310 4365 1512 4443 causante
1542 4354 1753 4471 eunsiaturij
1784 4355 2027 4473 gnesnensis,

397 4469 627 4580 taediusud
649 4471 845 4589 premissa
865 4479 869 4488 ’
903 4471 947 4560 ln
968 4485 1126 4590 quarum
1150 4475 1323 4566 cunum·
1341 4470 1454 4564 iudam
1483 4487 1518 4563 et
1548 4474 1796 4566 casamentum
1822 4473 2028 4588 memisse-

402 4617 495 4694 rum,
516 4604 714 4706 presentes
735 4589 882 4697 literae,
913 4592 1172 4710 siuepresens
1192 4590 1379 4709 publicum
1396 4581 1696 4694 instrumentum,
1727 4589 1939 4679 huiusmodi
1959 4619 2028 4677 nu-

392 4891 397 4902 ·
504 4809 543 4954 ll)
572 4817 712 4954 Rudcicc
725 4857 793 4928 tilla
807 4855 948 4928 territorii
963 4864 994 4924 et
1006 4850 1140 4959 regionis
1158 4855 1348 4962 Cuninensis.
