4984 5930
1125 735 1425 813 -20-.

433 937 642 1028 ineisdem
673 938 838 1026 terminis
868 933 1023 1023 domino
1055 932 1291 1023 lllazouiensi
1325 933 1517 1052 Episcopo
1547 949 1584 1022 et
1612 934 1808 1052 preposito
1838 932 1887 1021 de
1913 936 2065 1021 Strelco

434 1057 611 1144 uniuersa
630 1055 834 1175 persoluat.
872 1050 994 1140 Etiam
1015 1052 1200 1158 uolumus,
1221 1067 1259 1140 ut
1279 1053 1316 1140 in
1336 1050 1515 1171 predictis
1536 1053 1711 1156 terminis,
1732 1049 1940 1138 secundum
1960 1049 2064 1169 quod

434 1187 627 1282 mamus,
666 1169 833 1293 plenario
867 1170 1004 1258 soluat.
1058 1168 1237 1287 Alioquin
1271 1199 1343 1258 nos
1377 1167 1512 1290 arbitri
1540 1168 1747 1286 predictum
1788 1167 1978 1255 dominum
2013 1166 2063 1254 dc

436 1294 593 1378 Gdoozo
629 1291 668 1378 in
703 1287 861 1377 eandem
902 1287 1133 1375 sentenciam
1170 1287 1574 1374 excommunicacionis
1619 1299 1657 1372 et
1692 1313 1847 1402 penam,
1889 1311 1965 1402 qua
1994 1313 2065 1400 per
2191 1381 2196 1396 Ι

432 1405 670 1526 Episcopum
702 1404 965 1492 Cuiauiensem
1001 1404 1139 1521 ligatus
1169 1418 1270 1507 erat,
1303 1403 1530 1492 reducimus.
1574 1401 1810 1519 Pracipirnus
1845 1403 1957 1489 etiam
1992 1400 2064 1489 sub

433 1523 567 1612 eadem
595 1552 695 1641 pena
724 1533 762 1609 et
781 1521 932 1608 vinculo
953 1521 1376 1623 excommunicacionis,
1408 1537 1447 1607 ut
1476 1520 1550 1606 tale
1581 1517 1669 1638 quid
1700 1532 1833 1608 contra
1863 1515 2065 1636 quamlibet
2170 1589 2172 1592 ι

433 1641 634 1728 ecclesiam
654 1639 703 1726 de
723 1654 852 1726 cetero
874 1636 975 1724 nullo
996 1635 1111 1724 modo
1132 1650 1324 1752 presumat
1343 1651 1574 1752 attemptare.
1614 1634 1738 1724 Etiam
1759 1651 1886 1724 notum
1908 1635 2064 1724 iacimus
2204 1675 2237 1708 s

433 1755 559 1846 adhuc
594 1755 767 1845 omnibus
801 1754 900 1842 idem
935 1755 1115 1870 scriptum
1142 1755 1387 1871 inspecturis,
1423 1751 1525 1872 quod
1559 1754 1596 1840 in
1628 1752 1766 1840 dictum
1795 1751 1984 1840 domiuum
2014 1751 2065 1840 de

436 1879 594 1961 Gdoozc
620 1873 731 1960 talem
758 1871 987 1958 sentenciam
1013 1871 1353 1990 promulgauimus,
1382 1884 1611 1986 pertractata
1637 1886 1711 1959 tam
1738 1897 1857 1957 causa
1883 1871 1999 1986 ipsius
2027 1883 2065 1956 et

433 1990 600 2078 articulis
628 2018 727 2108 quos
756 1985 952 2107 Episcopo
982 1986 1215 2104 opponebat,
1245 2016 1356 2106 quam
1377 1987 1485 2076 etiam
1507 1989 1729 2103 grauamiue
1756 1984 1958 2104 Episcopi,
1987 2017 2064 2104 quo

434 2121 619 2218 macutus
655 2107 779 2193 existit
807 2134 875 2220 per
904 2102 1076 2192 eundem.
1130 2103 1232 2190 Huic
1260 2119 1384 2191 autem
1420 2105 1574 2190 arbitrio
1610 2133 1832 2192 assessores
1868 2105 2063 2192 alluerant:

434 2223 483 2310 B.
506 2223 743 2310 Gneznensis
763 2219 949 2325 decanus,
977 2221 1022 2306 P.
1043 2221 1307 2340 posnaniensis
1327 2220 1634 2325 archidiaconus,
1657 2219 1703 2306 G.
1724 2220 1924 2308 Plocensis
1943 2221 2064 2308 archi·

434 2339 639 2444 diaconos,
669 2340 732 2456 qui
752 2338 864 2425 etiarn
884 2351 1098 2454 presentem
1125 2337 1303 2456 paginam
1331 2336 1461 2457 sigillis
1488 2339 1650 2454 propriis
1678 2338 1913 2426 roborarunt
1962 2337 2065 2425 Acta

436 2471 523 2544 suut
556 2455 628 2543 heo
661 2457 698 2542 in
716 2461 857 2566 joucne
893 2460 1096 2541 Wodmloo
1126 2455 1209 2564 (sic)
1245 2455 1281 2541 in
1312 2453 1427 2543 domo
1461 2457 1615 2542 lratruru
1644 2455 1848 2558 minorum,
1883 2479 1984 2544 anno
2013 2455 2064 2542 ab

434 2574 701 2662 incarnacione
722 2571 860 2662 domini
881 2570 939 2658 lll⁰
960 2572 1007 2659 C⁰
1029 2571 1078 2659 C⁰
1096 2571 1224 2660 XXX⁰
1243 2569 1348 2660 Vlll⁰
1367 2571 1486 2692 pridie
1508 2571 1669 2660 Kalend.
1690 2572 1922 2660 Decembris.

1171 2885 1328 3004 xxtv.

517 3063 522 3072 ⁸
606 3121 888 3222 saracene,
916 3141 1073 3208 nnnc
1098 3117 1250 3206 aean
1277 3121 1371 3206 ore
1395 3119 1463 3208 15
1490 3124 1690 3207 meum
1714 3125 1893 3210 ronse

434 3308 696 3383 &aarum
715 3308 786 3383 ltu
805 3305 963 3380 metro
984 3305 1096 3381 mccli
1117 3306 1333 3380 multtum
1353 3305 1597 3381 reinonem
1611 3308 1826 3401 optsmpomn
1839 3307 2059 3383 ttmuhrtou·

753 3407 835 3482 siun
847 3407 1002 3501 proprtur
1015 3405 1263 3482 hhtttrutttu
1276 3407 1366 3482 reno
1378 3407 1543 3500 priuilegia
1556 3409 1676 3483 molon
1690 3409 1742 3494 (¹).

534 3595 578 3684 ln
597 3595 749 3682 nomine
769 3611 901 3684 sancte
921 3596 1102 3703 trinitatis,
1121 3624 1243 3684 amen.
1279 3593 1368 3716 Ego
1392 3594 1594 3686 Conradus
1615 3595 1676 3686 dei
1696 3598 1829 3716 gracia
1856 3597 1943 3686 Dux
1962 3605 2063 3687 lon·

434 3719 546 3802 elicio
574 3710 893 3832 predecessorum
926 3742 1094 3802 meorum
1125 3713 1296 3832 uestigiis
1329 3713 1525 3820 inherens,
1561 3743 1768 3850 eorumque
1797 3715 1953 3834 cupiens
1982 3713 2064 3804 fieri

268 3899 272 3908 .
434 3829 608 3950 ydoneus
638 3829 818 3936 imitator,
844 3831 1040 3945 presertim
1066 3830 1104 3918 in
1128 3830 1186 3918 eis
1205 3860 1280 3948 que
1299 3829 1446 3949 pietatis
1467 3829 1591 3918 ollioio
1611 3829 1661 3918 ad
1683 3831 1846 3920 diurnum
1868 3830 2005 3920 cultum
2026 3847 2064 3922 et

434 3945 484 4036 ad
513 3945 811 4036 ecclesiasticam
841 3947 1029 4034 utilitatem
1057 3947 1194 4034 lecisse
1222 3961 1448 4056 noscuntur3
1484 3943 1534 4036 ob
1562 3949 1821 4037 reuerenoiam
1850 3949 2064 4038 beatissima

433 4063 587 4182 uirginis
622 4061 747 4152 Maric
781 4077 819 4151 et
853 4063 890 4151 iu
925 4063 1184 4153 remissionem
1218 4081 1460 4182 peecatorum
1495 4093 1663 4153 meorum
1699 4096 1769 4184 pro
1804 4096 1865 4152 me
1900 4079 1938 4152 et
1970 4066 2063 4153 meis

301 4279 309 4286 ,
433 4181 732 4289 successoribus,
753 4179 958 4270 venerabili
979 4181 1075 4316 patri
1093 4179 1269 4268 lllichaeli
1290 4179 1350 4268 dei
1370 4182 1504 4386 praela
1528 4179 1835 4270 Wladizlauieusi
1854 4179 2062 4300 Episcopo,

433 4297 585 4412 suisque
604 4299 896 4388 successoribus
916 4327 1088 4418 resigno,
1117 4296 1219 4386 dono
1246 4313 1284 4388 ct
1303 4329 1377 4387 con
1391 4330 1485 4386 rrmo
1510 4299 1592 4386 iura
1611 4329 1679 4387 seu
1702 4297 1891 4388 libertates
1913 4299 2063 4386 inlerius

431 4427 633 4502 annotatas
659 4415 696 4502 iu
723 4416 941 4503 castellania
967 4416 1017 4502 da
1045 4421 1204 4530 Voytor.
1256 4414 1402 4504 Omnes
1422 4417 1535 4537 igitur
1553 4415 1941 4534 hominesascripticij
1963 4414 2063 4504 dicte

273 4525 286 4542 ‘
432 4529 649 4620 castellanie
684 4529 734 4620 de
762 4537 929 4646 l'cylor,
968 4533 1237 4652 cuiuscumque
1266 4532 1499 4622 condicionis
1528 4532 1589 4618 uel
1619 4533 1805 4622 seruitutis
1838 4533 1919 4620 siue
1949 4532 2060 4650 ollicij

430 4743 571 4916 Sigillum
582 4745 748 4898 diesem
769 4745 938 4894 authentica
959 4747 991 4814 io
1005 4747 1126 4815 archivo
1147 4747 1268 4834 capituli
1290 4749 1432 4816 ecclesiae
1453 4746 1693 4814 vladislariensis
1708 4756 1858 4816 ossensele
1872 4748 2062 4838 desemptum.
