4896 5926
1176 1033 1310 1153 cxx.
1425 1159 1429 1168 ,

754 1310 915 1394 Auno
941 1302 1091 1394 128³
1117 1303 1212 1392 dic
1236 1301 1313 1390 25
1339 1303 1541 1390 meram
1564 1304 1732 1391 lulli.
1855 1331 1858 1340 ¹
1939 1245 1944 1254 ¹

437 1510 733 1588 ulmorum·
750 1510 825 1586 oux
844 1508 1195 1688 mamm
1215 1507 1470 1698 mamlppppppd
1490 1507 1646 1600 lpucopr
1669 1506 1751 1582 urar
1770 1523 1871 1584 mres
1890 1509 1924 1584 lu
1942 1511 2039 1603 μηι

1097 1631 1135 1686 m
1215 1629 1255 1706 pa
1428 1659 1436 1678 .

526 1837 569 1926 lo
590 1836 740 1928 nomine
760 1833 917 1942 domini,
937 1866 1059 1924 amen.
1108 1829 1194 1924 Nos
1213 1831 1461 1954 lllslngius,
1482 1829 1542 1920 dei
1562 1831 1693 1952 gracia
1713 1831 1942 1924 Pomerenie
1960 1835 2061 1944 Dux,

425 1971 552 2048 nolum
579 1955 739 2046 lecimus
765 1955 957 2060 omnibus,
983 1969 1063 2044 tam
1090 1951 1328 2072 presentibus
1351 1981 1467 2070 quam
1492 1951 1642 2040 luluris:
1674 1949 1794 2066 Quod
1823 1953 1874 2042 ob
1894 1981 2061 2044 amorem

426 2073 488 2166 dei
508 2071 791 2192 omnipotentis,
821 2087 858 2160 el
882 2071 1016 2162 Malris
1046 2069 1128 2160 eius
1157 2083 1289 2160 sancte
1317 2067 1440 2158 lllarie
1466 2069 1642 2188 uirginis,
1669 2099 1719 2158 ac
1743 2071 2062 2162 inremissionem

426 2206 642 2282 noslrorum
663 2189 939 2308 peccaminum,
968 2187 1172 2282 venerabili
1199 2189 1235 2276 in
1263 2187 1414 2276 Christo
1435 2189 1531 2307 palri
1551 2186 1703 2276 domino
1729 2187 1886 2278 Alberlo
1914 2189 2061 2280 Wladi·

427 2309 606 2400 zlauiensi
625 2305 834 2428 Episcopo,
854 2323 893 2398 el
911 2309 990 2396 suis
1010 2305 1309 2412 successoribus,
1330 2303 1427 2392 duas
1447 2334 1566 2394 naues
1584 2304 1720 2394 liberas
1740 2306 1777 2394 in
1793 2323 1902 2424 porlu
1918 2326 2063 2416 nostro,

428 2425 531 2546 quod
561 2435 753 2542 prewloca
785 2425 982 2546 wlgariler
1015 2425 1167 2532 dicitur,
1202 2453 1297 2544 pure
1331 2436 1370 2510 el
1398 2421 1599 2514 liberaliter
1636 2425 1672 2512 in
1705 2421 1948 2516 elemosinam
1984 2431 2063 2518 iure

337 2585 349 2594 ·
426 2543 653 2635 hereditario
688 2545 724 2630 in
752 2575 821 2662 per
847 2559 972 2634 eluum
1007 2541 1192 2632 locandas
1227 2541 1488 2632 concessimus
1523 2557 1560 2631 el
1590 2541 1785 2630 dedimus:
1819 2543 2063 2640 absoluemes

427 2661 584 2752 casdem
612 2691 732 2752 naues
759 2677 797 2750 el
815 2575 987 2754 domines
1006 2659 1057 2750 ad
1079 2692 1146 2752 eas
1166 2662 1416 2780 pertinentes,
1447 2657 1534 2748 dum
1562 2661 1599 2750 in
1620 2659 1840 2780 piscacione
1868 2665 1905 2752 in
1926 2663 2060 2756 eodem

426 2780 715 2900 porluluerinl,
745 2780 796 2868 ab
824 2781 925 2870 omni
949 2781 1165 2886 solucione,
1194 2779 1374 2882 seruicio,
1404 2809 1480 2900 seu·
1500 2777 1742 2882 obediencie,
1772 2809 1845 2901 que
1864 2781 1975 2876 nobis
2002 2785 2063 2876 uel

426 2899 569 2990 nostris
589 2897 811 2988 officialibus
830 2897 967 2987 ibidem
988 2911 1268 2990 consueuerant
1286 2894 1465 2984 exhiberi.
1514 2894 1564 2986 Ul
1584 2909 1710 2984 aulem
1730 2895 1804 2988 bec
1822 2914 1951 2989 nostra
1973 2931 2063 3014 con·

428 3017 567 3122 cessio,
588 3017 669 3106 siue
690 3015 865 3122 donacio,
884 3015 993 3104 firma
1013 3019 1080 3122 sil,
1101 3030 1138 3106 ct
1158 3031 1232 3104 tarn
1253 3043 1277 3100 a
1297 3013 1419 3120 nobis,
1439 3045 1551 3136 quam
1572 3043 1596 3102 a
1616 3015 1756 3104 nostris
1775 3020 2065 3110 successoribus

429 3147 614 3254 perpcluo
646 3133 867 3224 inuiolabilis
895 3133 1136 3238 obseruelur,
1172 3159 1331 3252 presens
1357 3131 1639 3220 instrumentum
1671 3131 1771 3223 dicla
1800 3131 1999 3256 Episcopo
2028 3156 2066 3232 el

429 3251 721 3344 successoribus
748 3253 866 3370 ipsius
893 3253 930 3338 in
950 3249 1199 3340 testimonium
1228 3245 1419 3354 dedimus,
1449 3254 1566 3340 noslri
1593 3251 1703 3388 sigilli
1729 3254 1929 3362 munimine
1948 3257 2064 3347 robo-

429 3385 562 3574 palum.
591 3369 867 3576 ss⁸¹¹¹¹¹¹¹³⁰¹¹⁰
888 3367 1028 3460 domiui
1047 3369 1106 3460 M⁰
1128 3369 1177 3458 C·
1199 3369 1248 3458 C·
1266 3366 1314 3456 L⁰
1334 3367 1387 3456 Χο
1405 3367 1460 3458 Χο
1479 3369 1532 3460 X⁰
1553 3387 1669 3460 tercio
1699 3369 1735 3459 in
1757 3374 1923 3464 crastino
1944 3377 2064 3466 sancli

455 3488 565 3577 ecobi
628 3502 741 3606 posto
756 3487 778 3575 i.

534 3697 576 3781 (¹1
602 3697 650 3762 Ex
666 3695 1083 3800 archetypomembranaceo,
1109 3700 1189 3800 qppd
1205 3702 1243 3802 in·
1250 3703 1397 3770 tabulario
1411 3703 1545 3802 quodam
1559 3706 1674 3792 privato
1689 3708 1720 3774 in
1734 3709 1843 3796 Regno
1858 3706 2002 3776 Galliciac
2016 3732 2064 3778 as·

432 3789 571 3849 seruatur
584 3780 778 3871 descriptum.
803 3782 897 3870 Srgdlr
912 3785 1030 3874 abrupti
1045 3805 1165 3852 ncnmsr
1178 3785 1338 3870 funiculus,
1353 3810 1371 3856 o
1385 3789 1442 3854 libs
1456 3790 1559 3856 sericis
1573 3791 1680 3857 coloris
1693 3793 1777 3859 rubri
1793 3801 1897 3872 tortus,
1916 3803 2064 3881 superest

1174 4067 1327 4186 cxxi.

504 4315 780 4415 mecine,
806 4337 962 4405 omno
987 4317 1137 4406 1283
1165 4321 1223 4406 1⁷.
1248 4323 1379 4413 Hal.
1405 4329 1540 4435 Acro.
1568 4329 1685 4432 (dec
1710 4328 1787 4417 28
1813 4331 2000 4433 sulii).

435 4513 673 4661 *m
699 4519 1752 4706 rumaldum
1776 4531 1933 4624 lm·

1068 4845 1158 4930 vom
1172 4847 1247 4913 coa.
1261 4847 1331 4935 dipl.
1345 4851 1502 4920 umorem
1516 4855 1551 4920 r.
1565 4854 1590 4920 1.
1605 4874 1633 4941 p.
1652 4853 1711 4923 me
1724 4855 1778 4922 nm
1796 4855 1863 4922 rm
2015 4823 2017 4829 ’
