4876 5940
998 755 1267 834 ..235-

672 974 679 986 ’
756 1223 758 1232 Ι
838 1073 840 1080 ‘
1016 1057 1247 1195 cunum

668 1291 672 1302 ’
833 1288 1003 1398 Cornu
1028 1315 1239 1384 mnenon
1265 1293 1428 1382 1³2&

326 1475 480 1554 bennum
503 1477 644 1554 elrllnlle
666 1475 849 1556 uoluendo
872 1477 1068 1556 edomatur
1092 1481 1245 1576 quendem
1268 1483 1419 1559 leuben
1432 1481 1471 1556 do
1485 1481 1586 1551 Line
1600 1481 1809 1580 obtinuisses
1822 1459 1937 1558 imblo

348 1615 352 1624 ·
407 1581 560 1674 lplronpo
575 1581 825 1660 mndblnnl‘onrl
838 1585 1031 1678 potentorum
1046 1583 1248 1658 oomtrnendl
1261 1581 1427 1658 molendini
1441 1583 1472 1658 ln
1485 1583 1579 1658 burlo
1595 1583 1791 1678 demereno
1805 1585 1851 1672 (¹).
1977 1577 1984 1588 “

425 1773 508 1865 Nos
538 1775 689 1866 Vilicus
706 1779 899 1897 magister
927 1779 1060 1866 ciuium
1091 1774 1140 1863 de
1168 1778 1305 1880 Golob,
1337 1773 1513 1893 Myoheel
1534 1777 1672 1895 pislor,
1702 1775 1864 1894 Reynlrc
1913 1780 1937 1865 i·
1984 1763 2037 1853 'd
2096 1786 2100 1796 ’

323 1907 421 1996 sior,
454 1895 590 1983 Peiros
621 1895 799 1986 s'onltelus
829 1895 877 1983 de
912 1903 1143 2011 Osterwycz,
1175 1894 1300 1984 Pecze
1327 1895 1410 2009 (sic)
1439 1897 1477 1982 in
1496 1909 1610 2015 ponte
1630 1897 1729 2008 (sic),
1761 1808 1937 1990 consulbs
2252 1939 2256 1946 ·

323 2014 482 2100 ciuitatis
503 2014 680 2133 predicte.
741 2014 876 2104 Nodum
898 2017 1053 2107 lecimus
1074 2015 1275 2137 uniuersis:
1307 2013 1408 2134 quod
1438 2016 1657 2103 constitutus
1681 2043 1809 2102 corern
1830 2015 1938 2104 nobis
1970 2103 1982 2122 ,

322 2130 517 2220 iohannes
537 2132 587 2220 de
607 2139 732 2237 deinde,
750 2135 938 2256 quendem
960 2151 1088 2224 nosler
1108 2135 1297 2242 concinis,
1327 2135 1524 2223 confessus
1546 2148 1604 2221 esd
1622 2133 1780 2251 publice,
1801 2134 1938 2222 nullum
2036 2205 2039 2212 .

323 2253 381 2336 ius
403 2250 541 2340 hebere
561 2251 614 2339 ed
633 2255 770 2344 minere
791 2257 874 2368 (sic)
894 2255 1026 2342 ieoenli
1048 2283 1163 2372 super
1183 2252 1296 2342 lluuio
1317 2252 1415 2342 dicio
1440 2257 1684 2367 Gneocrynm
1707 2251 1809 2373 quod
1829 2283 1853 2341 e
1872 2285 1938 2342 ve·

323 2369 476 2457 nerubili
496 2373 532 2458 in
553 2372 702 2460 Christo
723 2389 829 2492 putre
859 2374 1010 2461 dominc
1031 2371 1183 2472 Medic,
1206 2371 1513 2460 Wledisleuiensi
1534 2374 1714 2492 episcopo
1735 2373 1939 2490 repelebcl,

323 2490 546 2576 renuncians
566 2492 665 2577 omni
692 2493 759 2578 iuri
789 2505 827 2576 el
852 2493 1008 2595 accioni.
1029 2492 1060 2576 si
1081 2490 1183 2609 quod
1205 2491 1324 2607 ipsum
1346 2492 1429 2602 (sic)
1450 2493 1486 2577 in
1507 2489 1676 2609 prediolo
1696 2493 1836 2580 minere
1857 2492 1939 2605 (sic)
1965 2578 1967 2586 ,
2057 2504 2063 2518 “

322 2607 465 2694 hebere
485 2607 683 2696 videretur.
745 2609 973 2709 Problemur
993 2610 1128 2696 eciem:
1161 2608 1263 2726 quod
1285 2607 1381 2694 idem
1402 2609 1614 2709 lohannes,
1636 2641 1659 2696 e
1680 2608 1848 2726 prediolo
1868 2607 1938 2697 do·

323 2727 421 2812 mino
448 2728 579 2846 episcc
607 2756 631 2815 o
658 2729 706 2816 in*
721 2727 892 2848 prediolo
913 2728 1026 2816 lluuio
1049 2732 1280 2842 checzymo
1301 2727 1422 2818 locum
1444 2728 1610 2844 suscepit
1629 2726 1847 2834 molendini,
1879 2729 1939 2836 ile,

373 2843 424 2931 od
454 2847 490 2933 in
518 2757 652 2934 euhoe
674 2845 1130 2938 doulonelendinumde
1151 2846 1380 2934 tribueretis
1402 2861 1621 2934 construere
1649 2845 1780 2948 debet,
1810 2861 1939 2932 lenen-
2077 2939 2080 2946 ,

312 2966 316 2972 ’
350 2993 411 3052 um
431 2994 501 3082 per
519 2966 698 3084 ipsumsi
717 2968 834 3086 ipsius
854 2997 1005 3086 pueros,
1027 2967 1059 3053 si
1081 2965 1168 3085 quid
1189 2965 1224 3072 in
1246 2989 1293 3054 eo
1308 2964 1518 3052 humanitus
1538 2965 1771 3172 conlipperil,
1790 2993 1862 3084 per
1884 2967 1940 3052 vi-

321 3083 413 3203 giuli
435 3100 747 3204 quotuorcnnos.
786 3087 919 3175 Soluel
937 3084 1218 3174 nichilhominus
1240 3085 1322 3198 (sio)
1343 3083 1392 3170 de
1412 3082 1582 3204 prediolo
1602 3113 1637 3170 m
1679 3081 1815 3170 endino
1838 3084 1940 3202 quin·

350 3233 396 3288 ue
430 3233 579 3292 merces
614 3204 771 3325 singulis
803 3207 912 3294 ennis
939 3207 1098 3322 pecunie
1125 3204 1282 3310 usualis,
1321 3203 1489 3291 domino·
1507 3205 1690 3322 episcopo
1722 3217 1940 3300 memorato.

321 3231 417 3409 dost
444 3323 610 3442 elapsum
639 3351 732 3412 uero
760 3322 975 3412 eorumdem
1002 3352 1202 3428 annerum,
1230 3323 1420 3441 predictus
1440 3321 1632 3410 Johennes
1663 3321 1763 3408 dicio
1790 3319 1940 3408 domino

322 3441 506 3560 episcopo
536 3441 785 3532 molendinum
814 3443 968 3531 dimidiet
1006 3456 1261 3532 conslructum
1291 3443 1339 3530 de
1360 3443 1477 3531 [ribus
1497 3443 1609 3546 rolis,
1640 3456 1680 3528 ul
1708 3441 1939 3557 premillilur,
2006 3470 2043 3558 ⁸·
2096 3451 2099 3465 '

323 3587 409 3646 cuno
436 3559 621 3678 lapidibus
649 3561 872 3668 molaribus,
904 3562 1123 3650 lerrimenlls
1139 3561 1219 3675 (sic)
1241 3577 1278 3649 el
1298 3562 1489 3650 omni'elie
1515 3575 1709 3681 upperelu.
1770 3559 1812 3648 ln
1834 3561 1940 3648 euius
1967 3633 1972 3648 .

322 3679 376 3766 rei
398 3681 643 3768 testimonium
673 3698 708 3768 el
738 3680 969 3771 euidenciom
999 3683 1223 3800 pleniorem,
1254 3679 1413 3802 sigillum
1438 3699 1566 3769 nostre
1586 3679 1742 3768 eluitelis
1762 3679 1940 3800 presenti·

322 3793 394 3886 bus
424 3814 482 3886 esi
500 3829 720 3924 appensum.
783 3801 942 3920 Insuper
962 3801 1058 3889 idern
1080 3801 1274 3890 lebannes
1296 3815 1333 3888 et
1354 3801 1411 3888 sui
1432 3829 1680 3903 successores
1709 3799 1759 3886 nb
1779 3829 1826 3887 eo
1847 3814 1939 3886 lem·

321 3943 430 4034 pore,
463 3948 539 4039 quc
567 3919 816 4010 molendinum
847 3920 988 4010 molere
1017 3921 1183 4039 incipiet,
1204 3935 1292 4039 posi
1311 3949 1447 4008 ennom
1468 3919 1637 4037 proxime
1658 3916 1826 4034 elapsum
1856 3945 1939 4034 pree

322 4034 459 4124 dictum
486 4067 640 4126 censum
670 4041 811 4147 soluel,
855 4041 1003 4130 molenti
1032 4042 1150 4128 eciem
1177 4039 1328 4127 domino
1358 4040 1539 4158 episcopo
1569 4035 1784 4154 supradicio
1828 4033 1974 4123 unem'
2050 4065 2052 4073 ·

323 4153 457 4246 leslem
477 4155 668 4276 siliginis,
698 4160 845 4278 ubsque
865 4161 1118 4278 percepcione
1137 4187 1311 4248 mensure
1332 4155 1498 4278 quelibet
1511 4151 1628 4243 'enno

798 4388 809 4410 ιΙ

195 4569 201 4579 ,
218 4539 222 4546 -
343 4481 347 4490 ’
423 4494 462 4578 (¹)
483 4493 528 4560 Ex
545 4490 704 4644 archetype
719 4490 947 4592 membrnnoceo
961 4491 1099 4558 tobulnrii
1114 4491 1234 4579 cepibrli
1254 4491 1521 4560 Wlodislouiensis.
1542 4487 1677 4640 Sipilluno
1692 4510 1858 4592 appensum
1872 4499 1935 4559 toe-

323 4579 402 4646 nioln
416 4599 599 4666 pergemenn
623 4599 660 4644 ex
683 4577 744 4644 rbet
768 4577 925 4645 mullerem
952 4586 1080 4644 stentem
1101 4577 1178 4644 inler
1198 4576 1273 4643 duos
1289 4577 1410 4644 erboree
1424 4577 1519 4644 nudus
1545 4577 1632 4656 leus,
1658 4577 1688 4643 in
1704 4575 1813 4664 quobus
1828 4575 1934 4644 sedent

322 4663 401 4732 dune
414 4667 484 4732 ores
498 4671 594 4732 roslro
609 4663 641 4730 in
655 4663 811 4730 mulierem
827 4684 975 4756 converso
990 4663 1143 4731 hebentes
1175 4663 1331 4766 Inscriptio
1345 4662 1437 4730 literis
1451 4663 1495 4730 sie
1508 4661 1600 4734 (lictis¹
1620 4661 1801 4730 ecbolosb'cis
1814 4681 1931 4750 expres·

321 4769 357 4816 eo
369 4749 446 4816 telis:
466 4758 513 4830 „†.
526 4769 551 4817 e.
567 4750 675 4816 σιὐἰωη
688 4749 818 4816 moirorio
833 4750 870 4816 de
888 4745 1031 4816 oenoe?
1060 4749 1134 4817 lnde
1149 4769 1165 4814 o
1181 4769 1254 4816 roee
1267 4769 1390 4837 enouper
1403 4769 1500 4848 usque
1515 4749 1551 4814 nd
1567 4748 1656 4814 linem
1670 4747 1799 4828 lebuine,
1814 4748 1881 4814 licet
1895 4747 1929 4813 li·

322 4841 456 4902 tororum
472 4835 585 4988 n‹lpcten
607 4835 687 4986 idpm
712 4841 866 4924 opponent,
894 4843 1023 4904 omnen
1044 4835 1128 4903 color
1145 4833 1303 4909 enomere·
1322 4833 1435 4922 nigrior
1456 4833 1567 4902 redient
1580 4833 1671 4902 verbe
1684 4833 1759 4902 boec
1773 4833 1930 4922 posteriori

323 4926 459 5007 tempore
510 4921 617 5008 scripto
643 4921 732 4989 uisse.
998 4953 1002 4968 ι
1770 4951 1772 4958 ’
1913 4947 1932 4964 ··

1729 5033 1826 5094 ὅθ’,
