4876 5940
1043 779 1090 796 -
1141 741 1215 818 eor
1273 781 1318 796 --

362 981 372 1038 r
401 977 530 1040 sorum
557 951 725 1036 Strcnno
753 945 951 1064 wlgariter
970 957 1241 1063 nuncupatam,
1272 945 1381 1036 sitam
1408 944 1444 1032 in
1466 939 1634 1032 districtu
1654 957 1753 1032 terre
1774 942 1999 1068 Wissegro·

363 971 500 1171 eliensi,
530 1063 719 1272 religiosis
739 1065 830 1153 viris
850 1063 990 1152 Abbati
1011 1077 1048 1150 ct
1068 1064 1269 1157 conventui
1287 1065 1324 1150 in
1344 1069 1515 1178 Byrsam,
1546 1092 1618 1182 pro
1638 1064 1840 1183 sexaginta
1860 1067 2000 1154 marcis

363 1186 548 1276 usualium
612 1183 822 1270 enariorum
854 1181 1093 1270 tborunensis
1128 1193 1299 1288 monete,
1334 1179 1383 1268 de
1415 1196 1560 1270 maturo
1593 1181 1771 1287 consilio,
1808 1183 2001 1272 voluntate

364 1317 575 1426 spontanea
594 1299 857 1405 vendiderunt,
879 1299 966 1418 jure
984 1297 1212 1388 hereditario
1233 1299 1270 1387 in
1290 1313 1511 1420 perpetuum
1526 1299 1782 1420 resignantes.
1834 1301 2000 1390 Predicti

364 1453 460 1518 vero
478 1420 695 1526 daroslaus,
726 1421 784 1508 sui
804 1418 868 1506 lilii
908 1435 945 1508 et
964 1417 1101 1508 liliolus
1121 1419 1258 1536 ipsius,
1291 1419 1478 1508 innostra
1500 1417 1703 1538 presencia
1734 1421 1899 1538 professi
1929 1450 2001 1510 suu

364 1555 403 1634 et
421 1539 570 1660 publioe
590 1541 803 1658 protestati:
861 1537 940 1626 uod
958 1567 1033 1626 nec
1052 1537 1142 1656 ipsi,
1174 1566 1247 1626 uec
1266 1537 1434 1652 ipsorum
1456 1537 1751 1656 consanguinei,
1783 1567 1855 1626 nec
1879 1539 1999 1626 eciam

364 1661 508 1780 posteri
535 1571 972 1746 eorumdamredimeut
991 1686 1014 1742 a
1036 1657 1190 1774 prelatis
1216 1654 1356 1747 abbata
1381 1671 1420 1746 et
1447 1670 1633 1745 conventu
1662 1653 1820 1744 Ordinis
1843 1654 1999 1774 Cyster·

365 1779 505 1867 aiensis
535 1777 572 1862 in
599 1789 819 1902 perpetuum
850 1775 973 1862 villam
995 1776 1169 1892 superius
1188 1774 1427 1862 nominatam.
1488 1772 1573 1864 Nos
1592 1802 1686 1865 vero
1707 1775 1940 1890 empcionem
1962 1787 2000 1862 et

364 1895 625 1986 vendicionem
646 1893 837 2012 predictas
857 1907 961 1982 ratas
981 1907 1020 1982 et
1038 1893 1166 1980 firmas
1186 1891 1387 2000 babentes,
1408 1891 1444 1980 in
1465 1893 1724 1982 remissionem
1745 1889 1785 2001 Θ)
1807 1893 1935 1980 matris
1957 1906 1996 1978 et

365 2025 567 2102 matertere
587 2011 864 2121 nostreielicis
884 2011 1179 2115 recordacionis,
1195 2026 1233 2102 et
1252 2009 1423 2099 volantes
1444 2012 1480 2098 in
1501 2009 1578 2100 boc
1597 2009 1705 2098 saluti
1727 2022 1857 2096 nostre
1876 2010 2001 2128 provi

366 2131 474 2243 dere,
505 2145 543 2224 ct
573 2143 612 2218 ut
641 2129 789 2222 divinus
817 2129 939 2220 cultus
961 2145 1130 2250 tempora
1151 2145 1283 2218 nostro
1304 2159 1380 2220 non
1402 2127 1645 2234 diminuatur,
1676 2127 1746 2216 sed
1768 2129 1901 2244 pocius
1931 2155 2000 2214 au-

366 2264 595 2366 gmentetur,
627 2279 696 2336 eas
726 2249 985 2344 inviolabiliter
1013 2251 1274 2368 inperpetuum
1302 2251 1541 2368 presentibus
1569 2247 1699 2335 litteris
1721 2245 1999 2334 confirmamus.

367 2367 557 2461 Volumus
580 2365 751 2488 insuper,
765 2372 821 2455 ‘ut
851 2399 923 2454 nec
952 2367 1110 2486 predicti
1128 2363 1292 2453 heredes
1313 2363 1596 2474 dePtomr'cow,
1627 2395 1699 2453 nec
1720 2365 2001 2482 consanguinei

366 2481 554 2612 ipsoru'm,
579 2515 657 2572 nee
685 2485 796 2602 aliqui
825 2483 904 2589 alii,
936 2487 1216 2602 prenominatos
1245 2481 1420 2569 abbatem
1451 2499 1488 2570 et
1508 2495 1734 2576 conventum
1755 2482 1899 2572 ordinis
1922 2481 2001 2599 cy:

366 2603 601 2710 sterciensiS,
622 2599 842 2721 presumant
862 2603 906 2689 in‘
921 2601 1054 2713 eadem
1075 2601 1162 2694 villa
1183 2599 1391 2720 aliqualiter
1410 2599 1611 2721 impedire:
1638 2625 1765 2714 ymmo
1787 2602 2001 2718 quicunque

366 2715 855 2859 abiprenotatos'abbutern
869 2718 905 2816 e't
921 2717 1147 2806 conventum
1169 2719 1205 2805 in
1222 2717 1367 2836 prelata
1387 2718 1473 2804 villa
1495 2717 1795 2832 attemptaverint
1815 2716 1995 2833 inpedire,

367 2835 495 2960 septus
516 2837 606 2927 dicti
619 2837 781 2932 heredes
803 2837 851 2928 de
871 2840 1069 2924 Plcmicour
1086 2864 1215 2927 coram
1237 2835 1347 2926 uobis
1368 2847 1406 2922 et
1426 2834 1565 2924 nostris
1585 2833 1792 2921 baronibus
1813 2833 2000 2949 promise·

366 2975 452 3050 runt
482 2957 614 3054 omnia¹
637 2957 901 3078 impedimenta
930 2985 1158 3046 ammovere.
1221 2953 1404 3042 Preterea
1434 2982 1505 3044 nos
1535 2951 1728 3057 volentes,
1759 2968 1797 3039 ut
1811 2951 1892 3068 jam
1912 2948 2001 3038 dicti

367 3075 502 3166 Abbas
522 3091 559 3164 et
578 3075 809 3179 Conventus,
830 3073 973 3168 ordinis
994 3105 1038 3161 su
1068 3103 1111 3159 ra
1132 3072 1238 3179 dieti,
1260 3102 1331 3192 pro
1352 3072 1461 3164 nobis
1482 3071 1721 3192 frequencius
1742 3067 1865 3156 Deum
1886 3069 2000 3157 inter·

366 3193 524 3313 pellant,
543 3193 735 3314 libertates
756 3223 888 3283 omnes
909 3225 931 3284 a
953 3105 1264 3310 predtectssino
1284 3205 1394 3309 patre
1414 3205 1555 3296 nostro,
1577 3189 1637 3307 pie
1658 3189 1852 3292 memorie,
1884 3199 2001 3305 super

366 3316 587 3428 Byssoorbm
614 3311 724 3401 datas
745 3327 782 3400 et
802 3311 1064 3414 confirmatas,
1085 3309 1213 3405 litteris
1233 3309 1351 3427 ipsius
1371 3337 1488 3426 super
1507 3307 1666 3396 eandem
1685 3307 1811 3395 'villam
1828 3309 1998 3392 Stroono

367 3427 502 3519 damus
516 3433 552 3520 in
573 3447 812 3550 perpetuum,
843 3443 881 3517 ct
901 3460 969 3516 aas
990 3446 1121 3517 tenore
1141 3429 1378 3544 presencium
1399 3425 1678 3536 confirmamus.
1739 3424 1782 3512 lo
1803 3425 1912 3543 cujus
1939 3424 1996 3510 rei

367 3549 615 3660 testimonium
642 3561 856 3666 presentem
887 3547 1046 3636 litteram
1076 3547 1193 3634 nostri
1223 3543 1333 3666 sigilli
1353 3545 1589 3664 appensione
1609 3541 1870 3630 mandavimus
1891 3570 1997 3629 com·

373 3669 517 3760 muniri.
552 3665 717 3756 Luaron
745 3669 781 3755 in
807 3673 1015 3772 monaco,
1045 3681 1185 3753 octavo
1206 3661 1297 3752 ldus
1318 3663 1466 3784 aprilis,
1497 3661 1610 3750 Anno
1631 3659 1782 3749 Domini
1806 3659 2000 3748 millesimo

368 3785 631 3877 lracentesimo
653 3783 965 3906 quintodecimo,
987 3781 1316 3902 presentibus'bys
1338 3781 1504 3872 testibus:
1525 3779 1732 3902 Bogumilo
1754 3779 1998 3866 subcamera-

367 3901 593 4014 rio'nostro,
624 3901 810 3992 Pribislao
838 3900 1054 3994 Castellano
1076 3899 1123 3988 de
1144 3902 1360 4016 depo'sca',
1390 3899 1561 3987 dascone
1581 3913 1712 3986 nostro
1739 3896 2001 4013 subagozonc,

367 4017 529 4109 Nicolao
550 4021 599 4108 de
622 4024 806 4136 Cr'tpborc'
823 4019 897 4134 (⁴),
918 4019 1107 4108 llli'obaele
1128 4019 1229 4108 dioto
1244 4017 1529 4136 ·Waozyeobila
1542 4013 1727 4103 Vlodario
1748 4025 1900 4100 nostro:
1931 4037 2000 4128 par

367 4167 518 4231 manum
537 4137 716 4227 lurconis
733 4139 915 4229 Canonici
935 4138 1098 4257 ecclesie
1118 4137 1393 4229 Poznaniensis
1413 4133 1548 4224 notarii
1568 4133 1707 4238 nostri,
1738 4145 1776 4218 et
1799 4129 1882 4218 aliis
1903 4125 1997 4216 mul-

368 4257 417 4346 tis
438 4253 608 4376 providis
626 4271 665 4344 et
684 4253 870 4345 discretis.
1031 4361 1032 4364 .

471 4575 511 4742 ἴς
538 4571 605 4642 Vox
619 4531 823 4672 praceptorum,
846 4577 898 4638 aut
905 4559 1131 4670 peccaminum,
1152 4569 1265 4636 omissa
1279 4589 1346 4638 esse
1359 4569 1487 4638 ridetur.

484 4665 497 4703 ⁴
522 4657 612 4727 'Sine
626 4659 718 4727 dubro
731 4657 799 4728 villa
816 4651 957 4725 Soiboru
970 4656 1111 4724 territorii
1125 4655 1359 4742 Bydgosticnsis,
1372 4651 1844 4742 regionisJuniwladislaviausis.

574 4812 577 4825 t

573 4834 578 4851 Ι
680 4838 684 4848 s

488 4995 577 5047 Tomos
589 4997 622 5047 11.
1793 4985 1828 5045 20
