4926 5940
1118 741 1166 758 -
1218 704 1293 780 tut
1332 731 1392 770 Α

445 941 515 1004 eos
537 910 700 1000 detinent
718 909 856 1027 ligatos
875 920 913 996 et
932 907 1010 994 suis
1031 905 1176 1024 laqueis
1201 905 1423 996 cathenatos
1444 904 1543 1017 (sic),
1576 902 1742 1012 orando,
1772 903 1875 1023 quod
1894 903 2067 996 dominus

407 1095 410 1102 »
444 1045 576 1134 noster
600 1029 715 1116 lesus
750 1027 921 1115 Christus
948 1028 1053 1144 ipsos
1080 1023 1131 1112 ad
1159 1025 1379 1113 catholicam
1411 1022 1523 1115 tidem
1545 1037 1583 1109 et
1603 1035 1735 1112 sancte
1756 1025 1884 1112 matris
1905 1024 2068 1116 ecclesie

444 1149 628 1268 gremium
659 1143 843 1234 reducere
870 1143 1066 1265 dignetur,
1095 1173 1144 1230 ne
1172 1173 1240 1230 eos
1270 1145 1306 1230 in
1336 1143 1397 1231 tali
1427 1142 1673 1257 perversitate
1701 1140 1783 1229 dies
1812 1171 1941 1228 eorum
1962 1142 2069 1232 linire

443 1267 640 1384 permittat,
661 1295 746 1353 cum
767 1262 1039 1351 decantaoinne
1055 1263 1299 1379 responsorij:
1320 1267 1548 1349 Reoetnhunt
1567 1267 1639 1346 celi
1654 1267 1866 1371 airr'que'toter
1885 1266 1981 1348 lude
1996 1276 2067 1351 etc.

443 1398 482 1472 et
500 1382 645 1500 psalmi:
666 1391 768 1470 Deus
788 1389 932 1468 laudem
945 1414 1061 1468 meam
1074 1388 1488 1468 norcomannorum
1510 1378 1722 1494 antiphona:
1743 1384 1872 1468 Medio
1894 1387 1971 1468 uita
1996 1397 2067 1470 etc.

444 1531 517 1594 unu
527 1531 611 1590 cum
622 1503 768 1591 clericis
778 1515 815 1586 et
825 1499 1082 1618 parrochianis
1092 1498 1320 1586 accedentes
1342 1512 1380 1585 et
1400 1496 1500 1591 [lut]
1516 1494 1565 1581 ad
1577 1511 1758 1584 terrorem
1769 1497 1839 1612 ipsi
1849 1497 1905 1584 sic
1917 1528 2071 1588 excom·

444 1620 630 1726 municati,
653 1636 690 1708 et
709 1650 731 1706 a
753 1617 885 1706 divinis
901 1618 1087 1736 suspensi,
1109 1646 1156 1704 eu
1172 1617 1290 1704 cicius
1305 1613 1355 1702 ad
1371 1615 1628 1702 obedienciam
1643 1614 1811 1713 redeant,
1833 1627 1907 1702 tros
1922 1615 2069 1732 lapides
2111 1665 2114 1674 ·

443 1767 580 1830 versus
600 1737 859 1826 habitaciones
879 1765 1009 1822 eorum
1031 1733 1248 1853 proiciendo
1269 1735 1304 1820 in
1325 1735 1477 1850 signum
1494 1731 1776 1820 malediccionis
1796 1748 1933 1839 eterne,
1954 1761 2065 1846 quam

443 1856 550 1946 Deus
571 1854 674 1944 dedit
693 1853 843 1942 Dathan
874 1867 911 1940 et
930 1853 1093 1957 Abiron,
1115 1881 1213 1972 quos
1234 1866 1332 1940 terra
1352 1853 1461 1938 vivos
1482 1850 1692 1938 absorbuit:
1725 1853 1843 1937 eciam
1874 1867 1961 1968 post
1979 1851 2066 1939 mis·

444 2005 526 2064 sam
547 1988 584 2062 et
604 1976 640 2062 in
660 1973 831 2087 vesperis
852 2001 900 2058 ec
913 1972 955 2057 in
975 1970 1213 2058 sermonibus
1233 1969 1390 2086 publicis
1411 1967 1638 2056 sollemniter
1657 1967 1852 2086 publicetis
1873 1984 1910 2056 et
1925 1969 2070 2057 denun-

445 2093 559 2193 cietis,
581 2106 618 2178 et
634 2088 784 2205 ahalijs‚
801 2105 977 2206 quantum
987 2090 1023 2176 in
1033 2087 1141 2178 vobis
1151 2077 1261 2174 luerit
1270 2086 1461 2204 publicarj‚
1475 2098 1513 2172 et
1527 2085 1753 2202 denunciarj‚
1769 2115 1817 2173 ac
1833 2087 1883 2174 ab
1899 2087 2072 2175 omuibus

372 2227 382 2240 “
447 2209 585 2300 Christi
616 2207 789 2294 fidelihus
816 2210 956 2294 arctius
985 2206 1112 2322 evitarj
1141 2207 1305 2307 faciatis,
1337 2202 1462 2292 donec
1483 2217 1520 2291 et
1539 2230 1732 2322 quousque
1752 2204 1853 2291 aliud
1881 2223 1932 2316 [a]
1958 2203 2072 2292 nohis

445 2323 507 2414 vel
527 2327 710 2442 superiorj
732 2341 862 2411 nostro
882 2323 1048 2438 desuper
1067 2321 1270 2411 habueritis
1291 2324 1327 2409 in
1346 2321 1544 2410 mandatis.
1873 2385 1877 2392 -

546 2441 688 2530 Verum
709 2442 741 2528 si
762 2443 892 2556 prelati
913 2441 1124 2528 denunciati
1145 2455 1182 2528 et
1201 2436 1404 2561 dggravati
1425 2471 1494 2560 per
1513 2441 1609 2528 alios
1632 2438 1765 2526 decem
1786 2440 1880 2542 dies,
1901 2441 2071 2558 prelatos

445 2560 578 2650 decern
600 2559 682 2648 dies
701 2559 899 2646 inmediate
920 2572 1135 2678 sequentes,
1157 2562 1324 2676 prefatas
1345 2559 1678 2647 denunciacionem
1694 2573 1732 2646 et
1746 2559 2070 2677 aggravacionem

445 2679 589 2783 animis,
610 2676 712 2788 quod
732 2677 841 2782 absit,
862 2678 1101 2764 sustinuerint
1116 2677 1308 2784 induratis,
1325 2694 1472 2781 extunc,
1492 2706 1701 2794 processus
1713 2691 1867 2764 nostros
1882 2675 2071 2765 huiusmo-

445 2795 486 2886 di
499 2824 566 2884 rea
598 2793 809 2914 gravando,
825 2795 1022 2908 requiratis
1038 2779 1075 2882 ht
1090 2797 1275 2884 moneatis
1290 2797 1512 2885 auctoritate
1527 2791 1739 2913 apostolica
1754 2794 1980 2911 supradicta,
1992 2823 2070 2882 mo·
2233 2851 2240 2862 ·

446 2912 498 3002 do
520 2928 556 3000 et
568 2825 695 3000 iorma
715 2914 918 3030 premissis,
934 2943 1066 3002 omnes
1082 2928 1119 3001 et
1133 2914 1305 3034 singulos
1321 2917 1513 3027 utriusque
1533 2943 1648 3002 sexus
1668 2911 1849 3016 homines,
1872 2911 2009 3000 Christi
2029 2910 2071 2998 h·

367 3035 371 3044 '
446 3027 569 3135 deles,
602 3061 699 3148 quus
720 3061 792 3118 nos
813 3031 932 3120 eciam
953 3045 1084 3120 tenore
1105 3033 1339 3147 presencium
1359 3033 1580 3144 requirimus
1601 3045 1639 3118 et
1657 3054 1873 3137 monemus,
1895 3033 1943 3118 a'c
1963 3031 2021 3120 eis
2036 3043 2073 3118 et

430 3175 576 3236 eorum
596 3148 744 3236 cuilibet
763 3149 800 3236 in
818 3149 954 3236 virtute
974 3163 1107 3238 soncte
1126 3149 1347 3237 obediencie
1380 3164 1418 3237 et
1437 3150 1508 3238 suh
1529 3150 1936 3236 excommunicacionis
1963 3177 2071 3265 pena,
2195 3186 2197 3192 ·

446 3295 558 3386 quam
580 3267 616 3354 in
638 3297 707 3354 eos
727 3279 764 3352 et
784 3295 913 3356 corum
935 3267 1136 3386 quemlihet
1155 3269 1485 3356 contrafacientem
1504 3268 1658 3356 lenimus
1678 3268 1717 3353 in
1737 3266 1809 3384 hijs
1830 3268 1996 3384 scriptis,
2017 3264 2071 3351 di·

445 3385 608 3472 strictius
631 3385 851 3503 iniungatis,
882 3400 994 3501 prout
1014 3386 1133 3472 eciam
1154 3400 1191 3472 et
1210 3413 1283 3474 nos
1304 3387 1530 3506 iniungimus
1551 3383 1705 3484 eisdem,
1727 3398 1765 3472 et
1784 3386 1996 3503 specialiter
2015 3385 2071 3470 la-

445 3501 647 3596 miliaribus
668 3518 705 3590 et
724 3502 969 3592 servitoribus
989 3505 1218 3620 prelatorum
1239 3501 1545 3592 denunciatorum
1575 3518 1613 3590 et
1631 3515 1946 3622 aggravaturum,
1978 3531 2072 3622 qua·

445 3621 544 3707 tinus
564 3621 659 3707 inira
679 3651 748 3710 sex
767 3619 849 3711 dies
872 3637 959 3738 post
979 3623 1227 3711 municionem
1249 3635 1287 3708 et
1302 3624 1592 3740 requisicionem
1619 3635 1780 3712 vestras,
1806 3633 1844 3708 et
1872 3621 2073 3710 execuoiu·

444 3765 532 3828 nem
554 3739 790 3853 presencium
811 3741 903 3856 ipsis
918 3740 1066 3846 laetam,
1083 3738 1292 3826 immediate
1308 3755 1532 3858 sequentes,
1553 3768 1710 3857 quorum
1727 3767 1797 3826 sex
1812 3738 1956 3827 dierum
1977 3738 2074 3828 duos

444 3883 516 3974 pro
543 3853 684 3970 primo,
716 3852 815 3942 duos
847 3884 919 3972 pro
948 3855 1137 3956 secundo,
1168 3870 1206 3942 et
1233 3855 1401 3972 reliquos
1435 3857 1533 3944 duos
1563 3856 1644 3943 dies
1673 3853 1784 3946 vohis
1822 3859 2007 3946 universis
2036 3870 2074 3942 et

330 4039 333 4048 .
445 3971 604 4106 siugulis
625 3970 852 4090 supradictis
872 4001 942 4088 pro
962 3973 1080 4061 tercio
1101 3987 1138 4060 et
1159 3976 1409 4090 peremptorio
1431 3976 1586 4062 termino
1607 3989 1645 4096 et
1658 3975 1867 4060 municione
1888 3973 2074 4062 canoniea

448 4117 700 4207 assignamus,
724 4090 794 4206 ipsi
813 4089 947 4180 fideles
966 4121 1015 4179 ac
1033 4092 1237 4180 servitores
1258 4107 1293 4179 et
1315 4093 1466 4211 quilibet
1485 4121 1614 4181 eorum
1640 4119 1664 4178 a
1690 4092 1999 4184 comunicacione
2018 4095 2072 4208 ip·

447 4235 575 4294 sorum
606 4205 914 4296 denunciatorum
944 4222 983 4295 et
1008 4225 1328 4330 aggravatorum‚
1360 4213 1508 4328 penitus
1536 4225 1572 4297 et
1601 4211 1750 4298 omnino
1771 4209 1971 4315 desistant,
2001 4237 2073 4296 nec

445 4354 532 4412 cum
552 4325 694 4414 eisdem
716 4325 949 4416 denuncietis
969 4341 1007 4414 et
1025 4329 1262 4443 aggravatis,
1283 4342 1347 4414 aut
1362 4357 1492 4415 eorum
1512 4327 1643 4434 altero,
1660 4328 1873 4434 serviendo,
1884 4325 2073 4440 loquendo

450 4439 640 4544 sedendo,
671 4441 827 4545 stando,
858 4457 924 4534 aut
957 4443 1141 4551 bibendo,
1177 4445 1392 4546 salutando,
1424 4447 1671 4563 hospitando,
1701 4446 1956 4550 comedendo,
1992 4473 2074 4532 mo·

448 4556 579 4664 leudo,
611 4560 811 4679 coquendo
832 4559 976 4664 eibum,
1008 4575 1155 4680 potum,
1186 4591 1322 4680 aquarn
1344 4565 1403 4650 vel
1426 4566 1550 4684 ignem
1572 4565 1827 4663 ministrando.
1853 4577 1917 4652 aut
1948 4563 2074 4675 aliquo

447 4675 682 4768 humanitatis
703 4677 861 4780 solacio,
881 4694 1118 4798 preterquam
1141 4681 1177 4767 in
1197 4681 1351 4769 casibus
1375 4711 1398 4770 a
1413 4683 1499 4798 jure
1521 4682 1724 4798 permissis.
1744 4684 1972 4800 participare
1990 4709 2074 4798 pre-

447 4807 620 4900 sumant3
651 4809 687 4883 et
707 4797 739 4892 si
760 4798 985 4892 contrarium
1005 4798 1160 4896 fecerint
1179 4827 1247 4894 seu
1267 4797 1363 4896 alter
1382 4827 1512 4892 eorum
1532 4800 1680 4910 lecerit,
1700 4829 1772 4890 nos
1793 4800 1829 4894 in
1851 4829 1932 4910 eos,
1953 4815 1991 4891 et
2005 4825 2076 4890 eo·
