4926 5940
1051 703 1325 780 -395υ

376 927 433 1000 ter
461 907 695 998 uenerabiles
731 903 797 996 viri
830 905 986 1012 domini,
1021 903 1515 1024 Sandiwogiusdecanm,
1556 904 1734 1023 Albertus
1771 909 2005 1014 scolasticus,

254 1075 255 1080 Ν
376 1031 545 1118 Thomas
561 1023 882 1131 archidiaconus,
912 1022 1095 1112 Nicolaus
1124 1039 1274 1128 cantor,
1304 1021 1475 1110 lacobus
1508 1021 1794 1141 Marakowsky‚
1824 1027 2006 1115 Sassinus

377 1149 426 1236 de
450 1155 714 1246 chrroszna,
747 1143 920 1230 lacobus
946 1141 997 1242 de
1028 1148 1309 1246 Kondzerzino,
1343 1139 1464 1228 Adam
1496 1141 1545 1228 de
1566 1147 1788 1244 ursonem,
1809 1143 2005 1233 lohannes

243 1349 250 1360 .
377 1265 426 1353 de
461 1272 700 1364 Welctlowo,
730 1261 862 1379 prelati
890 1275 927 1348 et
957 1260 1130 1347 canonici
1155 1260 1316 1347 ecclesie
1337 1259 1591 1366 lanciciensis,
1612 1275 1780 1378 tempore
1814 1259 2006 1381 generalis

376 1383 526 1504 capituli
547 1383 646 1471 soliti
667 1395 705 1468 at
724 1380 893 1467 consueti
910 1391 1003 1464 tunc
1023 1378 1221 1484 celebrati,
1252 1392 1289 1465 et
1314 1376 1363 1463 ad
1393 1406 1525 1465 sonum
1557 1369 1710 1468 maioris
1732 1409 1935 1498 campane,
1967 1394 2008 1466 ut

376 1531 493 1590 mons
523 1516 595 1604 est,
627 1498 852 1618 congregati
882 1527 930 1583 ex
959 1525 1034 1582 una
1055 1511 1235 1600 actores,
1267 1508 1304 1581 et
1331 1497 1554 1596 venerabilis
1581 1498 1638 1587 vir
1669 1497 1843 1585 dominus
1869 1498 2008 1586 Petrus

213 1685 219 1700 .
376 1619 545 1725 Boleste,
572 1617 786 1734 prepositus
813 1615 976 1703 ecclesie
993 1614 1241 1702 -lanciciensis
1262 1612 1450 1730 predicte,
1481 1643 1530 1702 ac
1550 1615 1652 1704 sedis
1688 1609 1898 1733 apostolice
1918 1647 2007 1733 pro·

377 1736 629 1839 thonotarius,
664 1764 753 1822 reus
782 1763 830 1822 err
850 1732 967 1820 altera
987 1727 1176 1850 partibus,
1208 1733 1378 1820 volentes
1403 1761 1562 1848 parcere
1582 1733 1668 1821 hino
1695 1735 1782 1822 inde
1803 1734 2007 1838 laboribus,

376 1854 584 1973 sumptibus
611 1868 648 1939 et
676 1851 854 1969 expensis
879 1881 994 1969 super
1023 1853 1306 1957 controuersia,
1338 1881 1449 1987 quam
1480 1851 1670 1940 habebant
1699 1855 1794 1941 inter
1822 1881 1868 1941 se
1901 1853 1951 1940 de
1971 1869 2009 1940 et

377 2002 494 2090 super
514 1971 600 2060 villa
620 1970 947 2072 dorostorensem
964 1969 1133 2088 predicta
1153 1999 1360 2090 gneznensi
1381 1968 1525 2058 diocesi
1545 1971 1635 2058 sita:
1658 2001 1769 2090 quam
1790 1972 1923 2089 prelati
1939 1969 2006 2058 da·

377 2119 508 2192 canus,
532 2090 723 2208 ceterique
745 2089 876 2206 prelati
897 2103 934 2176 et
955 2088 1128 2176 canonici
1143 2086 1193 2173 ad
1209 2103 1254 2176 s¹e
1270 2087 1369 2176 etad
1384 2084 1583 2206 capitulum
1606 2090 1722 2205 ipsius
1744 2087 1907 2175 ecclesie
1928 2087 2007 2176 lan·

377 2208 548 2297 eiciensis
569 2207 792 2295 coniunctim
823 2220 861 2294 et
890 2205 1034 2295 diuisim
1066 2220 1241 2322 spectare
1267 2206 1520 2311 asserebant,
1542 2218 1655 2324 prout
1675 2209 1794 2293 eciam
1816 2205 1912 2293 idem
1941 2205 2008 2294 du·

378 2327 499 2414 minus
528 2329 743 2442 prepositus
764 2355 811 2412 ex
830 2325 951 2410 altera
971 2324 1151 2440 partibuS,
1171 2323 1220 2410 ad
1242 2354 1286 2410 se
1307 2339 1344 2410 et
1363 2324 1641 2440 preposituram
1661 2353 1769 2412 suam
1797 2319 2009 2440 specialiter

378 2450 554 2561 spectare
574 2441 740 2548 dicebat,
772 2443 872 2528 omni
903 2441 1036 2546 modo,
1061 2441 1148 2556 jure
1178 2454 1216 2526 et
1235 2441 1378 2543 lorma,
1409 2441 1544 2556 quibus
1565 2441 1695 2528 melius
1716 2455 1940 2558 potuerunt,
1972 2455 2011 2526 ct

378 2562 530 2680 quilibet
550 2591 679 2649 eorum
727 2559 834 2664 otuit,
865 2557 914 2644 de
934 2558 1010 2645 alto
1032 2573 1069 2644 et
1088 2557 1238 2663 basso,
1255 2559 1543 2645 renuncciantes
1559 2559 1658 2643 omni
1679 2561 1898 2675 excepcioni
1912 2561 2010 2675 juris

379 2696 416 2768 et
435 2677 613 2797 remedijs
641 2591 946 2798 quibuscunque,
978 2668 1565 2796 compromiserunt,unanimiter
1594 2681 1641 2762 ac
1662 2677 1787 2780 simul,
1815 2671 1915 2762 nullo
1942 2706 2008 2763 eo-

377 2797 547 2886 rumdem
592 2795 875 2884 contradicente
918 2794 977 2880 uel
1013 2795 1261 2902 reclamante,
1304 2792 1631 2882 inhonorabilem
1670 2794 1790 2880 virum
1819 2793 2009 2880 dominum

215 2912 222 2922 ’
379 2916 647 3006 Strzeskonem
669 2914 892 3002 canonicum
919 2911 1189 3030 prebendatum
1211 2913 1533 3032 poznaniensem,
1553 2925 1743 3029 tamquam
1763 2912 1800 2997 in
1820 2911 2009 3020 arbitrum,

378 3034 638 3121 arbitratorem
670 3048 708 3120 et
736 3031 968 3119 amicabilem
998 3031 1291 3149 compositorem
1328 3029 1378 3118 de
1408 3047 1445 3118 et
1476 3060 1593 3150 super
1628 3031 1715 3116 uilla
1741 3036 2009 3121 Mt'rodcueirze

378 3151 567 3272 predicta,
598 3150 732 3239 dantes
754 3165 791 3237 et
812 3148 1067 3239 concedentes
1099 3147 1220 3240 eidam
1250 3149 1399 3267 plenam
1428 3163 1466 3237 at
1494 3147 1747 3236 omnimodam
1770 3161 2004 3266 potestatem,

379 3284 496 3358 testes
516 3283 555 3358 et
575 3270 744 3357 examina
767 3265 985 3375 eorundem,
1007 3267 1197 3354 cuiuscum
1226 3298 1274 3355 ue
1294 3281 1431 3372 status,
1452 3267 1704 3374 condicionis,
1735 3266 2010 3386 preeminencie
2080 3289 2085 3298 “

379 3389 440 3474 uel
461 3388 651 3508 dignitatis
672 3389 816 3491 luerint,
833 3384 1049 3505 recipiendi,
1067 3399 1105 3472 et
1124 3299 1283 3474 eosdem
1304 3384 1562 3492 examinandi,
1590 3415 1638 3472 ac
1658 3385 1707 3472 de
1728 3386 1860 3471 merito
1880 3383 2009 3470 huius-

380 3505 491 3594 modi
502 3535 618 3594 causa
640 3503 914 3624 cognoscendi,
930 3503 980 3591 de
991 3519 1034 3592 et
1048 3534 1164 3620 super
1184 3504 1348 3592 articulis
1364 3534 1435 3623 pro
1452 3508 1489 3599 [l
1503 3503 1587 3620 per]
1606 3518 1764 3622 utraque
1781 3505 2008 3614 [utramque]

380 3625 564 3742 parcium,
586 3624 712 3712 binca
734 3623 821 3712 data
842 3623 1078 3741 presencium
1103 3623 1197 3708 inira
1219 3621 1316 3710 duos
1337 3653 1506 3728 menses,
1530 3623 1706 3711 continue
1727 3651 1770 3708 se
1791 3634 2007 3740 sequentes,

380 3739 532 3828 indilate
552 3741 697 3848 dandis
720 3757 809 3849 etc,
822 3740 924 3860 quod
945 3741 1063 3828 eciam
1085 3741 1301 3828 commissio
1323 3739 1373 3826 de
1393 3757 1430 3828 et
1450 3769 1565 3856 super
1587 3740 1868 3828 examinacione
1889 3751 2010 3825 etco·
2063 3789 2070 3803 ·

379 3859 537 3948 accione
557 3861 722 3966 testium,
743 3890 767 3946 a
787 3859 1103 3948 reuerendissimo
1119 3859 1156 3945 in
1175 3857 1325 3946 Christo
1341 3874 1449 3976 patre
1469 3855 1620 3958 domino
1633 3857 1792 3945 Nicolao
1813 3855 2009 3971 Archiepi·

379 3983 501 4092 scopo
522 3980 741 4094 gneznensi,
758 3993 795 4067 et
815 3979 859 4064 in'
871 4007 1076 4095 personam
1097 3977 1225 4092 ipsius,
1243 3975 1295 4062 de
1306 3977 1472 4095 ipsarum
1488 3978 1656 4093 parcium
1674 3975 1834 4060 unanimi
1848 4001 2009 4060 consen·

380 4125 438 4201 su,
459 4092 627 4182 obdnme
647 4110 688 4180 et
705 4110 925 4212 presentare
946 4094 1070 4181 debet.
1102 4093 1288 4180 Volentes
1309 4108 1348 4180 et
1366 4093 1555 4181 hincinde
1572 4093 1879 4197 consencientes,
1905 4089 2008 4211 quod
2075 4117 2081 4154 -1

379 4212 545 4332 prelatus
566 4209 739 4298 dominus
760 4211 951 4317 Strzesoo,
972 4209 1126 4313 arbiter,
1146 4209 1346 4300 arbitrator
1366 4226 1403 4298 et
1422 4210 1626 4298 amicabilis
1647 4210 1896 4327 compositor,
1916 4237 2007 4326 pos·
2076 4315 2079 4324 y

381 4331 486 4418 silet
513 4328 637 4418 valeat
661 4342 779 4416 testes
809 4343 847 4415 et
859 4328 1072 4444 juramenta
1093 4328 1260 4448 ipsorum
1295 4329 1466 4448 recipere
1499 4343 1537 4416 et
1557 4329 1796 4434 examinare,
1827 4356 1900 4415 nec
1931 4355 2008 4414 non
2073 4325 2081 4407 ss

382 4473 641 4566 quoscumque
678 4444 727 4534 ad
757 4444 1042 4581 producendum
1083 4463 1317 4565 quecumque
1355 4449 1438 4564 jura
1466 4461 1504 4535 et
1530 4445 1727 4566 priuilegia
1761 4441 2009 4565 producenda
2078 4495 2082 4536 z

381 4565 625 4683 compellere,
647 4579 952 4677 sentenciamque
971 4561 1183 4653 huiusmodi
1203 4593 1251 4652 ac
1270 4566 1651 4683 pronuncciacionem
1673 4563 1924 4668 arbitrariam,
1937 4592 2005 4650 seu
2078 4587 2087 4658 t
2208 4639 2212 4651 .

382 4681 553 4792 laudum,
579 4715 626 4772 ex
646 4681 859 4773 huiusmodi
879 4681 1187 4787 attestacionibus
1207 4699 1244 4774 et
1264 4684 1348 4802 alijs
1368 4683 1564 4804 productis
1584 4699 1622 4774 et
1641 4675 1915 4802 producendis,
1944 4681 2007 4797 ju·
2149 4791 2155 4802 ,
2235 4679 2243 4692 “

1803 4829 1851 4888 bd*
