4896 5926
1025 757 1294 830 -rot-

339 953 530 1046 videlicet:
562 961 739 1043 Buetouo
770 969 808 1046 et
836 961 1026 1046 Βοανόευο
1056 985 1198 1075 magno
1228 972 1266 1046 et
1284 987 1425 1076 parvo,
1455 973 1604 1050 etcum
1634 974 1712 1050 toto
1739 960 1878 1066 rivulo,
1909 964 1972 1080 qui

338 1076 471 1166 transit
486 1105 556 1194 per
570 1073 740 1192 ejusdem
757 1073 972 1185 [lacedem]
987 1074 1105 1180 lacus,
1121 1077 1183 1192 qui
1199 1077 1339 1164 rivulus
1354 1083 1556 1164 Planor'cru
1571 1079 1846 1192 nominatur(⁴),
1868 1095 1906 1168 at
1920 1078 1972 1168 ad

336 1200 444 1316 ipsos
465 1193 672 1311 pertinebat
692 1225 739 1281 ex
758 1195 930 1312 antiquo,
960 1206 999 1280 et
1018 1221 1103 1280 curn
1123 1194 1282 1311 singulm
1304 1194 1444 1298 usibus
1472 1196 1566 1286 intra
1587 1195 1710 1314 godes
1732 1211 1771 1282 et
1792 1201 1972 1288 terminos

339 1315 460 1403 eidem
480 1311 565 1397 ville
584 1309 845 1427 adjacentibus
866 1311 1272 1417 circumferencialiter‚
1298 1343 1369 1430 pro
1389 1315 1625 1432 septuaginta
1647 1315 1810 1434 quiaque
1832 1317 1971 1404 marcis

338 1445 487 1522 monete
515 1426 791 1532 Tborunensis,
815 1431 920 1546 juste
949 1444 986 1516 ct
1005 1430 1280 1516 racionabiliter
1307 1429 1557 1519 vendiderunt
1577 1433 1664 1547 jura
1686 1432 1911 1522 hereditario
1931 1435 1971 1522 in

338 1561 556 1670 perpetuum
578 1545 693 1632 libere
708 1545 990 1662 possidendam,
1011 1548 1249 1664 resignantes
1269 1548 1360 1665 ipsis
1380 1579 1490 1637 omne
1504 1551 1569 1666 jus
1591 1565 1821 1666 patronatus,
1843 1551 1970 1638 abbati

337 1666 509 1757 videlicet
537 1679 574 1750 et
593 1666 737 1780 prelato
764 1663 983 1769 conventui,
1013 1663 1115 1782 quod
1144 1665 1181 1752 in
1201 1663 1336 1752 eadem
1356 1664 1563 1755 hereditate
1582 1668 1725 1754 babere
1746 1667 1969 1756 videbantur

338 1786 504 1906 primeva
532 1783 789 1900 possessione.
846 1780 922 1894 Qui
949 1783 1069 1868 eciam
1096 1781 1329 1889 Dobeslaus,
1360 1813 1444 1870 cum
1473 1782 1637 1872 Martino
1666 1784 1780 1874 liliolo
1808 1815 1900 1891 suo,
1931 1799 1969 1872 et

337 1917 456 1991 matre
476 1899 645 2018 ejusdem
668 1899 827 1988 Domina
847 1897 1089 2018 Modliboga,
1117 1899 1166 1986 da
1182 1887 1335 1988 Suraua
1352 1902 1386 1998 [l
1401 1918 1558 2014 summa]
1580 1919 1793 2020 prenotata,
1825 1904 1970 1992 scilicet
2064 1956 2074 1984 .

338 2019 576 2138 septuaginta
597 2018 760 2136 quinque
781 2047 1008 2122 marcarum,
1038 2015 1171 2106 decem
1192 2047 1341 2109 marcas
1363 2021 1398 2106 in
1419 2021 1676 2108 remissionem
1699 2051 1853 2108 suorum
1875 2051 1967 2138 peo-

338 2139 534 2238 oaminum,
553 2151 592 2222 et
610 2137 661 2224 ob
681 2135 838 2222 salutem
853 2135 1071 2224 Scarbimiri
1085 2138 1208 2224 auium
1221 2135 1340 2226 ieliois
1356 2139 1534 2226 memorie
1549 2139 1775 2226 relaxarunt.
1807 2137 1896 2226 lusu
1926 2167 1969 2228 er

337 2253 436 2342 idem
451 2253 679 2358 Dobasiaus‚
701 2283 786 2340 cum
803 2251 915 2340 filiolo
931 2253 1194 2354 squartino,
1215 2269 1251 2340 et
1272 2285 1356 2342 cum
1373 2271 1578 2344 matresua
1600 2256 1761 2343 Domina
1781 2167 1969 2345 Moutlo-

369 2369 456 2484 αθ),
477 2373 731 2484 promittentes
747 2369 855 2456 simul
871 2371 957 2483 viva
970 2400 1070 2460 uoce
1086 2370 1205 2458 isdem
1219 2371 1300 2482 (sic)
1316 2373 1502 2478 iratribus,
1523 2371 1626 2490 quod
1643 2401 1831 2492 nunquam
1848 2375 1968 2492 ipsam

336 2402 581 2575 bereditatem
598 2502 795 2604 reppeterc
806 2485 900 2600 (sic),
916 2485 1186 2574 macredimere
1201 2486 1349 2594 debent,
1365 2519 1449 2575 cum
1466 2518 1596 2576 eorum
1612 2492 1841 2606 posteritate.
1872 2491 1968 2580 Cum

337 2606 451 2726 igitur
477 2603 577 2722 pium
606 2605 653 2690 sit
679 2602 942 2720 religiosorum
968 2603 1182 2691 utilitatibus
1208 2601 1421 2708 intendere,
1452 2619 1491 2690 ut
1511 2619 1647 2692 statum
1668 2637 1777 2694 suum
1796 2607 1967 2726 pacifice,
2125 2657 2132 2676 ·

339 2737 376 2812 et
404 2723 441 2810 in
469 2720 664 2838 tranquilla
694 2721 895 2808 securitate
923 2720 1075 2808 uberius
1104 2721 1255 2808 valeant
1282 2751 1478 2809 exercere:
1515 2750 1644 2808 verum
1671 2735 1796 2810 tamen
1823 2725 1968 2812 illorum

338 2839 516 2960 precipue
543 2835 669 2956 dignis
697 2837 925 2956 profectibus
945 2837 1117 2926 insistere
1145 2867 1235 2926 cura
1255 2837 1356 2958 vigili
1376 2869 1447 2926 nos
1468 2853 1633 2958 oportet,
1661 2839 1723 2957 qui
1744 2840 1816 2926 sub
1837 2839 1969 2927 umbra

338 2971 466 3046 nostre
514 2957 731 3044 roteetionis
744 2957 888 3074 jugiter
908 2955 1061 3072 cupiunt
1079 2955 1285 3044 recubare:
1307 2957 1414 3074 cujus
1434 2957 1488 3044 rei
1509 2985 1639 3060 eausa,
1661 2955 1828 3044 nos‘boc
1846 2959 1967 3076 ipsum

337 2985 627 3194 perpendendo,
657 3073 829 3160 volentes
856 3071 980 3160 debite
1006 3073 1138 3159 imitari
1165 3074 1226 3191 pia
1255 3089 1469 3162 nostrorum
1490 3075 1774 3192 progenitorum
1795 3077 1967 3194 vestigia,

211 3249 215 3254 -
339 3195 375 3279 in
396 3203 573 3310 quantum
596 3215 817 3308 possumus,
848 3191 898 3277 ob
918 3191 1092 3278 allectum
1113 3219 1207 3308 pure
1227 3193 1404 3298 caritatis,
1435 3219 1548 3310 quarn
1570 3189 1778 3278 medullitus
1799 3193 1967 3312 gerimus
2082 3299 2086 3306 ι

339 3300 433 3428 erga
453 3305 593 3395 ordinis
615 3299 847 3395 sedulitatem
873 3307 1151 3426 sepedictorum
1170 3307 1334 3410 fratrum,
1368 3338 1439 3428 pro
1459 3309 1579 3396 salute
1600 3322 1637 3394 et
1657 3307 1823 3426 remedio
1844 3311 1967 3396 anima

340 3441 478 3531 nostre,
500 3441 787 3541 nostrorumque
807 3427 972 3532 fratrum,
993 3439 1029 3511 et
1051 3427 1169 3512 eciam
1190 3423 1504 3545 predecessorum
1526 3439 1750 3530 nostrorum,
1779 3425 1829 3514 ad
1851 3429 1967 3514 reior-

339 3543 545 3630 macionem
567 3555 696 3629 nostre
717 3541 950 3630 lundacionis
970 3543 1204 3660 ampliorem,
1230 3545 1434 3658 predictam
1456 3544 1728 3646 vendicionem,
1755 3547 1967 3666 pariterque

339 3659 490 3780 dgnam
513 3661 765 3776 empcionem,
796 3676 914 3747 ratam
943 3676 979 3748 et
999 3673 1147 3778 gratam
1174 3659 1377 3762 babentes,
1406 3663 1621 3748 memoratis
1643 3661 1817 3747 iratribus
1839 3662 1966 3748 litteris

337 3779 575 3897 presentibus
610 3775 750 3864 ratifiee
786 3777 1074 3864 conlirmamus:
1116 3775 1302 3865 donantes
1322 3779 1442 3894 ipsis,
1481 3775 1645 3896 quadani
1680 3810 1727 3864 ex
1757 3792 1965 3896 prorogata

339 3888 568 3998 sinceritate,
600 3923 713 4011 super
734 3890 893 3981 eandem
914 3893 1036 3983 villam
1057 3895 1326 4012 Scardona-jus
1348 3895 1615 4000 theutonicum,
1646 3925 1728 4000 uum
1751 3894 1964 3982 omnimoda

184 4077 191 4090 .
339 4012 518 4098 libertate.
569 4011 620 4098 Ut
640 4029 762 4098 autern
785 4011 857 4100 beo
877 4029 1005 4100 nostra
1036 4011 1356 4128 tam'sollempnis
1386 4015 1633 4126 protestacio,
1664 4027 1700 4098 et
1720 4011 1965 4097 celeberrima

338 4127 580 4216 confirmacio
607 4128 716 4246 hujus
744 4131 828 4216 lacti
860 4146 896 4216 et
915 4143 990 4216 tam
1008 4131 1172 4246 gratuite
1194 4129 1432 4233 donacionis,
1464 4129 1580 4215 robur
1601 4129 1767 4214 obtineat
1787 4143 1965 4245 perpetue

339 4247 535 4349 memorie,
567 4246 739 4363 inhujus
769 4248 822 4332 rei
851 4247 1115 4350 testimonium,
1148 4275 1305 4362 presens
1333 4247 1509 4360 scriptum
1542 4245 1660 4332 nostri
1687 4245 1796 4362 sigilli
1825 4245 1965 4332 robore

339 4361 513 4451 duximus
535 4363 782 4451 muniendum.
826 4362 1010 4470 ‚Testibus
1032 4363 1101 4478 bys
1123 4363 1369 4482 presentibus:
1402 4362 1546 4454 Gemite
1567 4361 1723 4449 Alberto
1746 4363 1964 4451 Castellano

508 4697 692 4767 Videantnr.
718 4717 798 4784 quae
818 4697 856 4763 de
877 4697 935 4762 bbo
954 4685 1019 4763 i'iro
1040 4705 1071 4764 et
1091 4637 1229 4776 tlemus,
1250 4717 1326 4784 qrros
1348 4697 1482 4784 perlinit,
1503 4697 1582 4763 dicta
1597 4679 1719 4764 suntad
1733 4715 1847 4764 annum
1864 4694 1962 4772 1296,

459 4782 499 4846 X.
514 4801 542 4866 p.
561 4781 619 4847 139
635 4783 665 4846 in
681 4781 872 4850 armotatione
887 4783 917 4847 4.

439 4697 464 4778 (⁴

340 4779 393 4846 Nm
409 4779 478 4946 Cll)
509 4865 642 4932 Verbum
657 4865 777 4954 aliquod
791 4866 937 4932 omissum
951 4885 1019 4932 osse
1033 4864 1156 4974 ridetur.
