4876 5940
1007 759 1281 834 -251-

340 969 456 1052 turcl
479 991 566 1054 mum
593 963 672 1052 suis
701 961 939 1086 pcrtiuunuijs
966 961 1145 1082 grucime
1173 962 1419 1086 promittimus
1445 989 1675 1053 conseruare
1695 960 1767 1077 (²).
1806 964 1951 1056 Horum

340 1083 549 1172 testimonio
570 1081 767 1171 literarum.
796 1081 933 1170 Datum
953 1088 1088 1198 Rape,
1115 1097 1223 1172 sexta
1241 1082 1333 1172 iuria
1354 1081 1593 1200 posticulum
1614 1081 1822 1176 Natiuitatis
1842 1085 1954 1176 beate
2066 1131 2070 1138 ¹

340 1199 1071 1322 Marievirginisgloriosaanuodomini
1087 1201 1554 1291 millasimotrccentesimu
1569 1203 1953 1294 tricesimosecuudo.
2088 1306 2094 1320 ¹

340 1436 481 1610 taquam
522 1435 839 1522 nouandarum)
853 1435 1103 1524 montano-t
1116 1435 1169 1504 sau
1183 1433 1327 1524 manum
1340 1434 1477 1504 sarran
1491 1435 1660 1549 aaaron
1675 1407 1849 1528 nonanta
1863 1372 1951 1509 nona

539 1969 855 2105 capenae,
881 2016 1036 2112 custo
1062 1993 1212 2084 1³³4
1237 2013 1427 2083 ncnsc
1449 1997 1758 2086 donuae-tc.
1808 2113 1810 2118 Α

339 2181 559 2302 mathias
579 2183 749 2360 Episcopus
771 2137 1039 2282 vudumlsmts
1064 2183 1288 2260 muudum
1311 2185 1494 2264 Ponam,
1507 2184 1661 2260 cernon
1681 2183 1954 2260 wulturnensis

331 2301 500 2430 'prmum
521 2285 669 2363 sautem
717 2287 890 2430 atterunt
908 2285 1287 2474 intermutptpoptppppn.
1308 2286 1430 2362 mlada
1443 2287 1702 2378 tuouentmtuu
1716 2287 1789 2408 turs
1810 2287 1954 2364 urunt

440 2578 483 2666 ln
502 2579 651 2668 nomine
671 2575 821 2678 domini,
840 2607 962 2665 amen.
992 2575 1176 2670 Noverint
1195 2579 1357 2666 universi
1373 2593 1569 2700 presentes
1584 2580 1725 2666 litteras
1742 2581 1953 2698 inspecturi:
2084 2578 2088 2589 ’

339 2697 441 2904 paud
463 2728 534 2787 nos
555 2695 730 2804 Metilius,
767 2697 891 2784 divina
922 2695 1195 2815 et'apostolice
1222 2696 1325 2783 sedis
1356 2695 1597 2813 providencia
1628 2695 1955 2790 Wladislaviensi's

374 2817 567 2936 piscopos,
587 2815 779 2933 cupientes
801 2813 960 2904 ecclesie
976 2813 1441 2904 nostrchadislaviensis
1454 2813 1621 2933 predicte
1641 2815 1839 2904 meliorare
1858 2819 1955 2904 lruc

340 2951 401 3024 tus
422 2947 459 3021 et
478 2951 698 3055 proventuS,
728 2935 776 3024 de
797 2935 954 3023 consilio
982 2951 1017 3022 et
1039 2963 1227 3023 consensu
1247 2935 1401 3022 fratrum
1423 2947 1635 3022 nostrorum
1667 2934 1826 3052 Capituli
1846 2933 1954 3024 Wla·

340 3053 587 3160 dislaviensiS,
620 3053 861 3161 hereditatem
884 3067 1049 3142 nostram
1077 3069 1114 3141 et
1134 3053 1297 3144 ecclesie
1316 3067 1444 3142 nostra
1473 3053 1615 3172 melate
1635 3057 1670 3142 in
1692 3054 1858 3144 districtu
1879 3061 1954 3144 Ln-
2059 3141 2063 3152 ,

338 3179 510 3290 poniensi
526 3173 719 3278 iacentem,
739 3180 955 3260 Pothereum
976 3168 1171 3294 wlgariter
1199 3171 1336 3260 dictam
1358 3168 1426 3286 (ἓ),
1446 3172 1656 3261 hominibus
1677 3175 1813 3262 nostris
1835 3191 1870 3262 et
1890 3185 1954 3263 ec-

256 3338 260 3346 ,
341 3293 454 3381 alesia
474 3306 604 3380 nostre
625 3291 818 3410 Wylkano
839 3309 876 3380 et
894 3291 1056 3380 iohanni
1072 3291 1147 3382 lilio
1163 3291 1290 3412 ipsius,
1311 3291 1478 3384 scultetis
1499 3293 1654 3398 nostris,
1669 3294 1755 3412 jure
1776 3295 1864 3382 novi
1885 3294 1955 3381 lori

341 3412 420 3500 siva
441 3409 621 3524 Sredensi
641 3413 691 3502 ad
712 3440 866 3502 mansos
896 3441 965 3529 per
983 3442 1055 3500 uos
1075 3410 1303 3532 llamingitos
1323 3409 1424 3524 (sic),
1445 3409 1515 3498 sub
1537 3439 1583 3497 ea
1604 3413 1857 3520 ordinacione,
1881 3443 1954 3534 que
2075 3439 2088 3452 ·

340 3531 518 3650 sequitur,
539 3531 780 3650 exposuimus
801 3545 838 3620 et
852 3527 1023 3629 dedimus
1043 3529 1311 3632 informandam
1334 3543 1371 3616 et
1386 3529 1597 3619 locandam.
1621 3530 1750 3619 Primo
1771 3531 1953 3652 siquidem

338 3647 541 3740 Willranus
571 3666 608 3738 et
626 3649 820 3740 lohannes
846 3647 993 3738 sculteti
1023 3653 1141 3738 nostri
1161 3648 1333 3772 predicti,
1360 3649 1511 3738 racione
1527 3649 1736 3757 locucionis
1765 3652 1802 3738 in
1822 3651 1953 3739 eadam
2004 3739 2007 3746 ,

339 3767 438 3874 uilla,
456 3767 557 3858 'duos
577 3799 732 3858 mansos
752 3768 891 3858 liberos
913 3767 1105 3856 dumtaxat
1124 3798 1148 3856 a
1169 3800 1298 3877 ceusu,
1319 3767 1388 3858 sed
1409 3799 1484 3856 nnn
1504 3798 1527 3855 a
1548 3767 1704 3858 decima:
1721 3801 1842 3890 quam,
1858 3773 1954 3859 sicut

313 3903 376 3982 ,ει
395 3887 455 4006 alij
476 3889 598 3976 villani
620 3888 786 3978 eiusdem
807 3884 1040 3994 hereditatis,
1069 3888 1179 3976 nobis
1200 3903 1236 3976 et
1255 3889 1393 3995 nostris
1430 3891 1717 3978 successoribus
1746 3891 1782 3977 in
1818 3917 1953 4006 campo
2028 3937 2031 3948 ·

339 4006 588 4144 manipulatim
609 4009 758 4102 solvere
785 4006 933 4096 debent:
969 4039 1052 4094 cum
1075 4007 1154 4096 suis
1174 4007 1336 4127 posteris
1357 4006 1514 4126 pacifice
1540 4021 1577 4094 ct
1598 4008 1720 4126 quiete
1733 4009 1820 4124 jura
1840 4005 1948 4094 here:

340 4123 475 4216 ditans
496 4155 563 4242 per
591 4140 677 4214 etuc
694 4121 952 4245 possidebunt.
992 4125 1137 4214 Jncclis
1158 4156 1250 4214 veru
1272 4123 1486 4213 hereditatis
1507 4123 1694 4244 predicte,
1715 4125 1953 4218 asolucione

340 4274 479 4334 census
499 4255 537 4330 et
555 4156 719 4349 decime,
747 4274 795 4332 ac
815 4245 1055 4363 prestacionc
1076 4243 1236 4330 omnium
1262 4244 1504 4334 seruiciurum
1533 4241 1813 4361 quatuordecim
1834 4273 1951 4331 anno-

339 4395 442 4470 rum,
471 4361 603 4476 adata
624 4363 858 4482 presencium
887 4361 1414 4481 computandorum‚.plcuam
1442 4379 1479 4450 et
1494 4361 1747 4456 omnimodam
1775 4361 1950 4485 concedi-

440 4565 479 4652 (1)
521 4565 566 4651 Ex
581 4572 783 4650 uenssumpto
797 4563 867 4629 nuni
884 4561 976 4639 1431,
991 4562 1072 4650 quod
1080 4561 1110 4630 in
1120 4563 1269 4653 tabulario
1285 4562 1406 4650 capituli
1418 4562 1674 4630 wladislavieusis
1686 4571 1865 4632 asseruntur.
1880 4564 1951 4632 Duo

338 4649 616 4806 ‘ciliitlpffiii
622 4647 781 4801 ppipilogic
795 4657 1025 4736 appensoerant.
1036 4647 1193 4735 diligenter
1203 4655 1234 4716 et
1248 4656 1383 4715 accurate
1394 4647 1600 4716 describuntur
1611 4649 1719 4736 inipso
1733 4645 1945 4737 coassumpto

341 4822 481 4976 mnf)
522 4823 588 4891 Nou
605 4818 764 4900 Ρίαινὲοω,
775 4817 984 4950 seleictrou,
997 4817 1065 4887 uilla
1078 4817 1123 4887 uti
1149 4826 1179 4887 ct
1192 4817 1312 4906 tapam,
1333 4817 1475 4906 oppidum
1489 4819 1630 4887 territorii
1644 4828 1675 4888 ct
1688 4820 1819 4906 regionis
1834 4818 1947 4906 Opato

1739 5023 1788 5080 32*
