4926 5940
1078 707 1353 782 -453-

306 971 312 981 ·
406 911 563 1000 eliorum
599 906 770 996 ordinum
804 905 1005 1011 iratribus,
1041 940 1088 997 ao
1120 908 1406 1028 parrochialium
1443 907 1686 996 ecclesiarum
1716 907 1926 998 rectoribus
1961 917 2029 998 seu

403 1027 701 1118 locatenentibus
723 1026 960 1128 eorumdem,
1002 1027 1192 1145 plebanis,
1232 1027 1504 1145 viceplebanis,
1546 1026 1777 1144 cappellanis
1818 1029 1958 1117 curatis
1994 1045 2030 1118 et

405 1177 481 1236 oon
512 1147 668 1246 curatis,
698 1145 861 1262 uicarijs'
880 1149 1091 1261 perpetuis,
1135 1147 1301 1250 clericis,
1339 1147 1494 1262 noturijs
1530 1157 1569 1230 et
1598 1144 1882 1234 thabellionibus
1910 1146 2029 1262 publi·
2100 1208 2103 1216 ·

405 1267 480 1370 cis,
516 1293 590 1352 nec
618 1294 695 1352 nou
724 1262 925 1350 illustribus
961 1263 1198 1382 Principibus
1235 1279 1273 1352 et
1304 1263 1463 1352 dominis
1497 1260 1673 1354 Mazovie
1705 1278 1742 1352 et
1771 1264 2031 1380 Stolpeusibus

405 1383 565 1472 ducibus
585 1411 632 1470 ac
652 1379 955 1488 lllarcbionibus,
976 1382 1202 1489 (inmitibus,
1234 1398 1272 1471 et
1291 1382 1375 1500 alijs
1395 1380 1602 1487 nobilibus,
1634 1411 1682 1470 ac
1703 1397 1885 1470 terrarum
1909 1382 2029 1470 domi·
2145 1376 2151 1388 “

405 1504 466 1590 nis
499 1502 816 1621 quibuscumque,
853 1501 1066 1622 ceterisque
1087 1501 1278 1606 militibus,
1314 1501 1530 1621 armigeris,
1568 1499 1786 1603 advocatis,
1824 1499 2031 1606 lodicibus,
2147 1605 2153 1616 ⁸

404 1621 641 1724 ollicialibus,
664 1619 909 1724 Castellanis,
930 1618 1176 1738 Burgrabijs,
1198 1620 1389 1740 magistris
1410 1621 1563 1724 civium,
1585 1619 1779 1726 Scultetis,
1801 1619 2031 1724 consulibus,

313 1739 316 1746 ⁴
404 1739 717 1857 proconsulibus,
750 1737 1096 1847 Gubernatoribus,
1125 1738 1286 1842 duratis,
1317 1736 1500 1845 scabinis,
1531 1737 1796 1842 servientibus,
1839 1737 1974 1826 scribis
1995 1753 2033 1826 et

404 1857 633 1974 preconibus
665 1885 990 1975 quarumcumque
1026 1859 1234 1958 civitatum,
1274 1855 1493 1974 opidorum,
1529 1855 1719 1957 villarum,
1761 1871 1972 1944 castrorum
1994 1868 2035 1943 et

406 1977 594 2076 locorum,
626 2003 695 2092 per
715 1974 898 2061 dictorum
919 1975 1303 2093 Arcbiepiscoporum
1325 1991 1363 2062 et
1382 1973 1659 2092 Episcoporum
1682 1975 1913 2090 provincias,
1940 1974 2031 2067 civi-

407 2107 503 2180 tates
533 2107 569 2179 ct
601 2091 796 2197 dioceses,
826 2123 876 2180 ae
903 2095 997 2180 alias
1027 2094 1176 2182 ubilibet
1207 2095 1433 2195 constitutis,
1468 2107 1505 2180 et
1533 2093 1729 2210 presertim
1758 2091 2032 2212 Magnibcis'et

267 2281 270 2294 .
408 2209 653 2326 prudentibus
672 2213 764 2298 viris
785 2210 946 2298 dominis
968 2212 1274 2326 proconsulibus,
1290 2210 1527 2313 consulibus,
1543 2210 1734 2327 opidanis,
1750 2225 1788 2296 et
1802 2210 2032 2298 universitati

408 2327 509 2447 opidi
533 2332 723 2432 Gdooczle,
747 2328 1077 2415 Wladislaviensis
1098 2329 1274 2433 diocesis,
1305 2329 1572 2444 principalibus
1593 2358 1641 2413 ex
1661 2329 1840 2434 adverso,
1860 2329 1898 2416 in
1918 2329 2032 2416 inlra-

407 2446 556 2565 soriptis
586 2447 802 2563 sentencijis
823 2460 860 2533 et
879 2445 1108 2532 comissione
1137 2445 1219 2557 (sic)
1244 2447 1460 2548 nominatis,
1492 2446 1739 2558 omnibusque
1759 2446 1853 2560 alijs,
1874 2455 2033 2564 quorum

408 2567 561 2652 interest
580 2563 642 2650 vel
661 2564 836 2670 intererit,
858 2591 1030 2682 quosque
1050 2565 1324 2681 infrascriptum
1340 2563 1460 2680 tangit
1488 2563 1688 2682 negocium
1704 2593 1772 2650 seu
1787 2577 1944 2681 tangere
1964 2594 2036 2680 po·

408 2685 493 2771 terit
508 2681 789 2802 quomodolibet
808 2678 844 2768 in
864 2683 1035 2790 loturum,
1051 2682 1348 2800 quibuscumque
1369 2680 1578 2770 nominibus
1600 2692 1836 2784 censeantur,
1855 2696 1920 2768 aut
1940 2710 2036 2800 qua-

407 2831 569 2920 cumque
589 2801 824 2918 prefulgeant
841 2799 1032 2920 dignitate,
1044 2800 1252 2904 lohannes,
1269 2801 1518 2887 miseracione
1538 2799 1662 2888 divina
1677 2801 1768 2887 tituli
1790 2799 1922 2887 Sancti
1942 2799 2036 2887 Sixtl

408 2932 659 3006 sacrosancte
688 2919 865 3006 Romane
894 2918 1055 3008 ecclesie
1083 2919 1280 3006 Presbiter
1307 2917 1518 3006 Cardinalis
1537 2918 1661 3006 ludex
1684 2931 1721 3006 et
1741 2919 2034 3022 commissarius,

409 3065 458 3122 ac
477 3051 660 3123 executor
680 3037 811 3124 unicus
839 3035 888 3124 ad
909 3037 1144 3156 iulrascripta
1165 3067 1187 3123 a
1209 3037 1360 3126 domiuo
1391 3051 1524 3126 nostro
1553 3037 1664 3156 Pape
1683 3034 1895 3154 specialiter
1915 3035 2035 3153 depu-

409 3166 528 3259 te'tus,
550 3154 707 3243 salutem
729 3157 764 3243 in
786 3155 939 3244 domino
961 3169 998 3243 et
1013 3155 1198 3244 mandatis
1212 3157 1361 3262 nostris,
1382 3185 1471 3273 ymo
1486 3157 1612 3246 verius
1632 3155 1864 3274 Apostolicis
1883 3153 2037 3242 lirmiter
2162 3167 2172 3181 ’

409 3272 576 3361 obedire.
627 3273 819 3364 Noveritis
850 3272 953 3391 quod
981 3290 1064 3362 orta
1091 3272 1232 3360 dudum
1263 3273 1697 3362 dissensionis'materia
1723 3275 1816 3360 inter
1835 3273 1936 3360 bone
1957 3301 2036 3372 me,-

411 3392 530 3481 moric
548 3392 760 3482 lobanuem
782 3390 1013 3508 Episcopum
1038 3391 1393 3480 Wladislaviensem
1414 3421 1463 3478 ex
1483 3421 1577 3498 uua,
1613 3407 1652 3480 et
1671 3393 1838 3509 prelatos
1872 3417 2034 3506 procon-
2078 3441 2085 3450 ·

410 3509 532 3613 sales,
565 3509 763 3616 consules,
796 3509 1002 3628 opidanos,
1038 3523 1076 3596 et
1096 3511 1373 3598 universitatem
1404 3509 1506 3626 opidi
1539 3515 1738 3616 Gdanozlr,
1768 3508 1817 3596 de
1852 3523 1891 3596 et
1921 3535 2037 3625 super

410 3625 658 3716 demolicione
678 3643 715 3716 et
735 3626 999 3716 destruccione
1020 3629 1213 3716 cuiusdam
1231 3627 1367 3716 domus
1381 3629 1431 3716 ad
1447 3659 1615 3717 mensem
1636 3627 1905 3748 Episcopalem
1926 3625 2040 3715 wie:

410 3742 673 3834 dislaviensem
693 3748 915 3863 spectantis,
945 3745 1128 3864 lapidum,
1160 3745 1348 3866 lignorum
1375 3755 1417 3834 et'
1433 3748 1589 3834 laterum
1622 3747 1894 3866 deportacione
1915 3760 1952 3834 et
1972 3747 2036 3831 ab·

410 3861 616 3970 duccione,
637 3893 685 3951 ac
705 3865 788 3982 alijs
808 3865 924 3954 rebus
960 3865 1150 3971 deductis,
1182 3880 1369 3952 eteorum
1391 3868 1615 3972 occasione,
1647 3866 1814 3982 partibus
1836 3895 1884 3952 ex
1905 3863 2034 3949 altera.

413 3981 670 4068 Sacrosaucta
692 3999 730 4069 et
750 3984 940 4098 generalis
961 3983 1128 4071 Sinodus
1147 3983 1468 4087 Constauciensis,
1496 3983 1706 4100 apostolica
1738 3981 1831 4070 sede
1860 3997 1949 4067 tuuc
1968 4009 2036 4066 ve·
2122 3995 2125 4002 “

411 4108 542 4199 caute,
573 4125 728 4183 causam
749 4099 973 4204 huiusmodi,
1009 4127 1085 4186 non
1106 4099 1300 4204 obstante,
1322 4099 1429 4218 quod
1447 4099 1495 4186 de
1516 4101 1574 4186 sui
1593 4111 1728 4187 natura
1748 4097 1800 4185 ad
1819 4097 2036 4187 Romanum
2199 4165 2202 4184 .
2354 4145 2359 4154 ·

409 4213 551 4300 curiam
572 4211 770 4316 devoluto,
800 4244 849 4301 ac
872 4214 974 4332 apud
996 4245 1079 4302 eam
1101 4215 1297 4303 tractanda
1328 4229 1367 4303 et
1394 4215 1559 4304 liniendo
1587 4248 1664 4328 neon
1691 4230 1813 4306 esset:
1845 4214 2036 4336 quondam

414 4329 622 4419 Rertholdo
651 4329 699 4418 de
729 4339 950 4447 Wptdunpen
980 4332 1081 4420 dicte
1110 4331 1224 4440 sedis,
1253 4332 1304 4420 ed
1325 4335 1547 4422 instanciam
1576 4337 1709 4454 prelati
1729 4337 1829 4426 bone
1858 4334 2036 4422 memorie

413 4447 599 4540 Jobeuuis
633 4447 816 4569 Episcopi
848 4449 1198 4558 Wladislavimsis,
1227 4453 1361 4568 primo,
1392 4467 1430 4539 et
1450 4451 1586 4542 deinde
1616 4453 1733 4570 lelicis
1752 4451 2037 4545 recordacionis
2178 4547 2181 4555 ,

415 4565 589 4656 dominus
608 4567 794 4657 Martinus
821 4568 932 4688 Papa
960 4569 1127 4690 quintus,
1157 4569 1281 4660 diune
1309 4572 1460 4662 lavente
1480 4572 1686 4661 clemencie
1706 4572 1756 4660 ed
1777 4574 1911 4663 summi
1930 4570 2037 4689 Apo·

415 4684 575 4773 stolatus
610 4689 756 4806 apicem
792 4701 1030 4806 assumptus,
1061 4719 1110 4776 cx
1129 4691 1242 4777 certis
1263 4692 1403 4797 causis,
1438 4691 1624 4781 nonnullis
1657 4692 1740 4810 alijs
1766 4693 1866 4809 sacrj
1887 4689 2035 4810 pallaoij

414 4802 611 4922 apostolici
631 4801 884 4928 auditoribus,
914 4835 963 4894 ac
982 4823 1115 4925 postea
1136 4805 1367 4897 Reverendo
1388 4810 1484 4928 patri
1505 4809 1659 4901 domino
1679 4811 1887 4918 Cunczoni,
1918 4809 1979 4898 dei
2001 4821 2041 4896 et
