4878 5942
1006 811 1377 934 --275-Ι

314 1061 321 1070 -
344 1012 549 1102 castellano
566 1010 874 1117 Cruscbuiciensi‚
893 1009 1081 1102 Oswaldu
1098 1011 1302 1102 castellano
1316 1009 1702 1120 tuniwtadtstnnienst
1721 1015 1867 1099 lectore
1876 1011 1938 1130 ju·

343 1129 673 1338 {lippescfipiieauieosi
692 1145 730 1220 et
748 1130 828 1248 alijs
851 1129 926 1218 lide
940 1127 1073 1251 dignis.
1114 1130 1191 1218 Per
1210 1161 1342 1220 manus
1360 1129 1541 1222 lobannis
1560 1128 1852 1248 vicecancellarij
1874 1159 1939 1220 no·
2045 1173 2107 1228 ῃ
2221 1175 2225 1184 ·

1010 1481 1276 1598 ttttttttt.

432 1719 707 1816 Bramme,
733 1737 887 1804 amero
911 1715 1054 1804 1342
1081 1719 1173 1804 dte
1197 1718 1269 1802 14
1293 1719 1489 1806 moneto
1512 1717 1846 1806 Decembris.
1984 1653 1987 1664 ³

344 1921 611 2028 (ἓιιιιίιιιΙιιιιι
631 1919 859 1994 trutmoniae
879 1919 971 1996 ritae
985 1921 1210 2017 Sntatoicejm
1222 1921 1411 1996 teutonicum
1422 1921 1688 2014 magdeburgense
1703 1921 1840 2014 tergitur,
1856 1923 1936 2020 ejur-

434 2052 438 2062 ⁴
484 2023 614 2116 touque
627 2023 719 2099 rittra
733 2023 911 2098 rouuttru
925 2023 1045 2101 cutten
1059 2024 1173 2098 tttcont
1195 2023 1256 2097 etri
1270 2023 1429 2097 trertmrt
1443 2023 1486 2097 oo
1499 2023 1612 2149 purte
1625 2021 1733 2097 rendt
1746 2024 1796 2110 (1t

442 2214 650 2304 lunomine
670 2211 817 2318 domini,
837 2245 956 2304 amen.
989 2214 1106 2330 Quod
1127 2213 1326 2332 magnilica
1346 2243 1479 2334 regum
1510 2229 1701 2334 magestas
1730 2211 1940 2302 lacerande

209 2387 213 2396 ·
345 2333 473 2440 creuit,
503 2331 615 2420 debet
644 2363 729 2420 essa
759 2332 902 2418 firmum
924 2349 961 2420 et
981 2335 1121 2439 stabile,
1141 2334 1330 2450 roburque
1360 2348 1537 2451 perpetue
1556 2332 1737 2420 firmitatis
1759 2332 1937 2421 obtinere.

344 2448 509 2541 Proinde
524 2480 596 2537 nos
611 2450 832 2554 Kazimirus,
849 2451 907 2536 dei
924 2453 1054 2570 gracia
1071 2451 1157 2538 Rex
1172 2450 1340 2554 Polonie,
1357 2465 1482 2540 notum
1498 2452 1653 2538 lauimus
1668 2451 1850 2538 uniuersis
1865 2463 1940 2538 tam

343 2568 577 2692 presentibus
608 2597 717 2686 quam
738 2569 877 2670 laturis,
906 2567 1004 2656 banc
1024 2567 1162 2656 literam
1194 2571 1433 2684 inspecturis:
1465 2565 1583 2682 Quod
1613 2568 1804 2685 cupientes
1835 2567 1940 2656 villas

344 2687 460 2778 nostri
489 2685 616 2807 Regni
631 2685 824 2774 meliorare
853 2698 890 2772 et
914 2685 1064 2773 vberius
1084 2686 1223 2792 locare,
1255 2685 1374 2773 villam
1406 2699 1571 2774 nostram
1603 2683 1739 2772 dictam
1768 2689 1940 2771 Smrtom'·

283 2857 300 2922 .·
345 2839 409 2894 eze
428 2800 482 2918 (²)
502 2803 550 2894 de
569 2808 647 2893 iure
660 2803 836 2922 polonico
852 2804 888 2889 in
900 2805 960 2924 ius
980 2803 1239 2910 theutonicum,
1261 2802 1363 2922 quod
1375 2801 1684 2922 lllaydburgense
1704 2801 1845 2908 dicitur,
1862 2830 1939 2922 quo
2077 2823 2083 2840 ·

344 2924 475 3014 ciuitas
504 2922 720 3012 Brestensis
741 2935 799 3010 est
824 2922 959 3030 locata,
979 2924 1243 3012 transferentes
1263 2937 1443 3041 perpetuo
1464 2920 1689 3024 duraturum,
1708 2918 1940 3009 vendidimus

345 3041 559 3132 sculteciam
580 3042 616 3129 in
637 3040 768 3128 eadem
788 3039 872 3130 villa
894 3039 1056 3130 discreto
1077 3042 1156 3131 viro
1173 3041 1327 3148 Tilooni‚
1348 3040 1422 3130 lilio
1444 3040 1627 3129 lobannis
1647 3037 1733 3128 dicti
1754 3037 1938 3146 Ornaodi,
2032 3045 2035 3053 ‘

346 3161 417 3249 ciui
438 3159 486 3247 de
506 3165 618 3248 Brest
636 3161 787 3278 suisque
808 3159 990 3278 legittimis
1010 3160 1307 3264 successoribus,
1321 3159 1406 3277 jure
1422 3157 1644 3248 hereditario
1665 3160 1937 3277 inperpetuum

345 3294 383 3369 et
401 3277 717 3368 inretractabiliter
746 3307 815 3394 pro
845 3279 1040 3396 sexaginta
1070 3267 1206 3366 marcis
1235 3291 1383 3366 monete
1413 3278 1594 3366 currentis
1624 3277 1660 3364 in
1686 3291 1784 3366 terra
1815 3277 1939 3392 Cuya-

344 3398 463 3486 uiensi
482 3395 688 3502 tenendam,
707 3394 927 3502 habendam,
949 3395 1173 3501 donandam,
1193 3396 1493 3486 commutandam
1514 3425 1596 3484 cum
1618 3395 1788 3484 omnibus
1808 3393 1939 3484 utilita-

344 3516 442 3604 tibus
461 3514 511 3602 ad
531 3515 647 3634 ipsam
669 3513 883 3601 sculteciam
901 3515 1165 3632 pertinentibus
1195 3544 1265 3634 pro
1285 3544 1354 3604 sua
1374 3529 1411 3602 et
1431 3543 1583 3602 suorum
1616 3527 1851 3632 posterorum
1870 3542 1939 3602 vo·
2000 3577 2004 3590 .

345 3634 484 3722 luntata
504 3632 804 3721 connectendam.
836 3631 1006 3720 Racione
1035 3635 1140 3720 cuius
1171 3633 1347 3722 scultecie
1376 3632 1509 3721 damus
1537 3635 1707 3752 predicto
1737 3632 1880 3721 Tilconi
1900 3643 1938 3718 et
2018 3729 2024 3747 ‚

344 3751 462 3870 ipsius
480 3753 641 3871 posteris
669 3766 850 3870 perpetuo
882 3765 1040 3870 quatuor
1058 3780 1212 3840 mansos
1243 3751 1390 3859 liberos,
1419 3751 1588 3871 predicto
1619 3753 1697 3840 iure
1727 3751 1939 3840 theutonico
2011 3750 2021 3863 ι’
2132 3745 2139 3762 ”

324 3885 589 3977 mensuratos,
611 3883 770 3990 quatuor
789 3884 892 3958 ortos
912 3870 1005 3958 sitos
1025 3870 1061 3957 in
1082 3868 1220 3957 eisdem
1242 3871 1393 3976 mansis,
1408 3869 1530 3958 locum
1551 3901 1618 3960 seu
1639 3871 1765 3959 a'ream
1785 3899 1853 3986 pro
1870 3867 1939 3956 do·

345 4019 408 4078 mo
427 3987 588 4076 locanda
616 3989 731 4106 ipsius
751 3987 894 4076 sculteti
915 4001 951 4076 'et
980 3987 1030 4075 ad
1050 3989 1262 4076 sculteciam
1284 3989 1544 4108 pertinentem,
1572 3991 1672 4076 circa
1692 3984 1938 4074 molendinum
2015 4085 2016 4090 Ν

345 4123 524 4214 nostrum,
544 4107 714 4196 intrando
734 4106 854 4214 villam
875 4105 924 4192 de
943 4113 1055 4192 Brert
1072 4105 1280 4211 adextera,
1291 4107 1480 4194 tabernam
1497 4104 1660 4210 liberam,
1675 4103 1833 4210 labrum,
1858 4131 1939 4191 ear·
2001 4141 2007 4164 ι

346 4225 502 4325 nibcem,
523 4235 705 4328 sutorem;
726 4253 771 4308 ea
792 4221 924 4309 licitum
946 4225 993 4310 sit
1012 4223 1081 4312 sibi
1101 4223 1226 4310 locare
1247 4225 1283 4312 in
1304 4221 1423 4310 media
1439 4221 1534 4326 villa.
1579 4221 1831 4312 Molendinum
1846 4219 1938 4309 libe-

445 4508 485 4594 (¹l
525 4508 571 4577 Ex
584 4504 741 4593 archetypo
762 4505 987 4572 mambranaceo
1006 4506 1209 4574 Vnrseriensis
1227 4505 1365 4572 tabularii
1385 4505 1493 4594 publici
1512 4507 1609 4595 Regni
1627 4506 1769 4573 Potoniaa
1795 4506 1847 4576 ll‘⁰
1873 4503 1936 4574 508

344 4593 530 4681 descriptum.
549 4591 695 4660 Funiculo
709 4591 764 4656 filis
778 4591 880 4658 sericis
892 4589 998 4656 coloris
1012 4590 1110 4657 viridis
1133 4599 1163 4657 et
1186 4591 1271 4658 rubri
1294 4599 1387 4669 torto,
1409 4611 1447 4690 ap
1485 4613 1573 4658 nsum
1588 4599 1633 4659 est
1646 4591 1773 4677 sigillum
1787 4589 1934 4658 maximoe

315 4689 318 4697 ⁴
346 4679 459 4746 lormae
472 4679 561 4764 vulgo
573 4677 788 4744 anternacum
808 4675 927 4747 dicmur.
942 4675 1083 4742 exbibens
1102 4695 1204 4775 regem
1221 4675 1361 4742 tribunali
1382 4612 1566 4754 insrdcbtem,
1587 4677 1689 4743 dextra
1702 4685 1853 4762 sceptrum
1867 4676 1938 4742 sini·

346 4773 407 4842 stra
420 4783 492 4831 vero
505 4782 597 4828 manu
609 4760 729 4848 globum
742 4767 900 4826 tenentem.
920 4761 956 4826 lu
970 4761 1082 4826 ambitu
1096 4759 1181 4846 sigilli
1195 4761 1303 4848 legitur
1317 4760 1483 4847 inscriptio:
1505 4769 1545 4842 „†
1558 4761 1726 4828 lenimina.
1736 4761 1775 4827 dt
1788 4781 1856 4847 pro.
1870 4781 1937 4838 rex.

345 4848 474 4936 polonie.
487 4849 631 4914 erocouie.
642 4845 754 4911 andorn.
765 4845 851 4910 rirnd
864 4890 872 4908 .
888 4891 896 4910 .
911 4891 918 4908 .
935 4867 1067 4933 moyen.
1080 4867 1120 4933 po
1121 4893 1237 4912 ......
1240 4846 1323 4916 or'e‘l”

445 4931 483 5017 (θ)
524 4931 622 4998 Hodie
637 4929 801 4996 Smibwrce
815 4929 1033 4997 rilla'territorii
1048 4929 1241 5012 Cuiariensis,
1254 4930 1383 5018 regionis
1397 4929 1609 4998 Romuliensis.
