4876 5940
185 3695 189 3702 ·
330 3665 400 3784 eijs
420 3665 516 3772 suis,
547 3685 620 3786 que
639 3695 739 3756 nune
758 3680 864 3771 sunt,
893 3695 940 3754 ve

990 671 1261 804 Lam-

319 871 892 1054 numerumnunerum
911 927 1118 1040 ramnum
1138 913 1284 1046 (⁴)‚m
1304 955 1471 1020 mmm
1490 927 1607 1050 intus
1625 925 1764 1020 netu
1778 932 1927 1050 emm
2009 880 2011 888 '

345 1049 644 1169 ispeutautibus,
662 1065 815 1170 propter
833 1047 908 1138 luei
927 1047 1147 1138 vieinitatem
1168 1047 1266 1138 diste
1282 1048 1447 1170 grangia
1467 1063 1594 1138 nostre
1613 1051 1787 1160 demn
1807 1067 1845 1140 et
1859 1055 1929 1144 uti·

319 1083 708 1277 iitatamuberiurem,
739 1197 811 1289 que
831 1165 966 1269 ex'uude
985 1163 1219 1258 Munasteriu
1238 1182 1276 1256 et
1295 1167 1454 1262 aeclesia
1474 1181 1621 1276 nostre,
1652 1165 1725 1259 deu
1746 1172 1929 1288 propicio,
2006 1159 2011 1188 '

319 1289 455 1408 putem
487 1285 711 1408 peruenire,
751 1315 837 1376 eum
871 1287 956 1405 ipsu
982 1283 1134 1375 domme
1154 1287 1355 1406 episeopo,
1384 1283 1433 1376 de
1459 1315 1651 1376 mesenae
1677 1289 1826 1406 eapituli
1860 1291 1930 1398 sui,
2070 1346 2074 1356 .

319 1407 438 1499 uestri
463 1421 671 1498 conuentus
702 1406 866 1498 sinniliter
886 1435 1075 1495 euusensu
1103 1404 1328 1513 aeaedeme,
1358 1403 1408 1494 de
1436 1403 1535 1494 dieta
1562 1406 1647 1497 villa
1665 1422 1797 1496 uestra
1813 1412 1931 1524 Misy,

320 1537 359 1616 et
376 1541 521 1646 septem
550 1523 740 1614 meldratis
759 1525 796 1614 in
816 1535 917 1614 terra
939 1524 1106 1642 Cuyauie
1126 1523 1330 1614 insentibus
1356 1523 1498 1614 invilla
1528 1523 1664 1614 domini
1693 1523 1816 1648 Regis
1844 1557 1931 1646 pre·

319 1657 446 1736 mnu
466 1643 519 1734 ad·
535 1657 703 1736 nostrum
724 1641 989 1734 monasterium
1008 1671 1077 1734 seu
1096 1642 1294 1734 eeclesiam
1314 1643 1587 1763 spectantibus,
1616 1646 1932 1764 permutueiuuem

319 1763 474 1854 lauimus
492 1763 593 1854 iuxta
614 1763 766 1856 modum
784 1753 1069 1882 intruseriptur'n.
1128 1759 1262 1850 Eidem
1282 1760 1464 1881 siquidem
1483 1760 1633 1852 dominu
1654 1767 1847 1886 episeopo,
1867 1793 1942 1864 ee,

320 1882 439 1972 elesie
462 1912 532 1972 sue
559 1881 728 2001 predicte
748 1881 896 1972 nomine
915 1877 1104 1985 dedimus,
1135 1878 1354 1969 tradidimus
1367 1896 1412 1970 et
1431 1881 1704 2001 resignauimus
1727 1883 1933 2002 predictam
2068 1939 2070 1946 ‹

238 2087 241 2098 .
321 2000 464 2110 villum,
493 2001 777 2119 pussessionem
795 2031 864 2088 seu
885 1997 1125 2090 hereditatem
1145 2013 1314 2090 nustrem
1333 2006 1450 2116 lanq,
1471 2029 1546 2089 una
1566 2031 1651 2089 uum
1671 2017 1816 2122 septem
1841 2003 1933 2090 mel·

322 2117 441 2211 dretis
469 2115 710 2210 decimalibus
739 2119 917 2240 predictis
942 2119 980 2208 in
999 2119 1143 2240 prelata
1166 2122 1282 2208 ttobn
1300 2119 1351 2208 ad
1372 2133 1539 2211 nestmun
1561 2121 1824 2210 monasterium
1845 2151 1934 2240 spe·

285 2257 294 2272 “
322 2237 521 2348 utentibus,
542 2236 657 2356 tytulu
676 2239 985 2356 permutaeiunis,
1006 2269 1091 2326 eum
1112 2239 1283 2327 amnibus
1302 2237 1462 2343 iuribus,
1483 2238 1685 2346 tractibus,
1710 2239 1935 2348 utilitatibus,

300 2351 303 2367 ’
322 2348 458 2478 pratis,
478 2357 711 2464 nemoribus,
741 2357 951 2474 mellifieijs,
981 2355 1259 2476 piseaaiunibus
1277 2356 1313 2446 in
1342 2363 1458 2462 teta,
1478 2373 1515 2445 et
1533 2359 1616 2478 alijs
1635 2359 1763 2495 aquis,
1792 2359 1936 2448 mulen-

175 2484 177 2494 '
324 2475 414 2592 diuo
441 2505 517 2596 qun
570 2507 593 2562 a
622 2490 657 2563 et
678 2476 818 2562 minere
839 2477 946 2582 leni,
976 2504 1024 2561 ae
1043 2473 1126 2592 alijs
1146 2475 1331 2562 uniuersis
1352 2491 1389 2562 et
1413 2477 1570 2596 singulis
1590 2477 1827 2594 pertineneijs
1847 2479 1937 2584 suis,
2084 2509 2090 2520 ·

325 2625 399 2716 que
420 2506 743 2728 nunciabuntur,
761 2593 820 2682 uel
842 2593 1278 2728 imposterumpaterunt
1296 2593 1459 2730 reperiri.
1489 2592 1551 2708 Ab
1571 2595 1581 2680 i
1631 2623 1769 2731 avere
1787 2594 1938 2685 domino

242 2795 246 2802 ·
323 2710 1938 2970 tttttlttlt't§ttttltttllltttltttttltttltttttttd

326 2949 449 3059 dente,
471 2976 541 3088 pro
570 2949 798 3040 omnibus'et
817 2949 974 3072 singulis
994 2945 1191 3068 predictis,
1219 2947 1323 3038 simili
1343 2949 1459 3068 tytulu
1478 2951 1767 3068 permutationis
1793 2949 1939 3088 recepi·
2073 2969 2075 2981 '

326 3101 410 3162 mus
445 3067 582 3160 drotum
615 3069 736 3161 uillam
769 3071 885 3189 ipsius
915 3073 1136 3160 Gemmeus
1168 3096 1240 3158 unu
1268 3097 1354 3161 uum
1378 3067 1560 3175 eeclesia,
1590 3083 1628 3158 et
1656 3067 1803 3158 decime
1822 3071 1939 3190 ipnns

327 3188 508 3295 adelasia,
537 3190 617 3284 iure
644 3218 794 3310 queque
821 3196 1061 3308 patronatus,
1091 3185 1304 3276 molendino
1331 3202 1369 3276 et
1393 3187 1478 3274 lanu
1505 3187 1621 3306 ipsius
1652 3187 1754 3295 ville,
1784 3217 1832 3278 aa
1857 3188 1945 3306 elijs·

327 3306 482 3398 deeimis
515 3307 600 3398 ville
630 3339 698 3398 seu
733 3309 895 3429 grangia
929 3321 1058 3396 nostre
1094 3311 1259 3394 aeduum
1285 3321 1322 3394 et
1350 3307 1511 3394 sancium
1541 3304 1817 3417 adiaceneium,
1846 3323 1884 3398 et
1903 3307 1941 3396 in

330 3433 528 3544 Trumblry,
559 3429 789 3531 Clorrmino,
818 3456 866 3516 aa
890 3431 1079 3514 Serraeuo
1109 3426 1145 3513 in
1175 3440 1273 3514 terra
1293 3424 1518 3514 Pomarania
1538 3425 1780 3516 existentibus
1806 3425 1941 3516 eodem
1983 3503 1993 3514 .
2118 3492 2155 3515 ,-

329 3543 461 3654 mudo,
491 3576 575 3637 eum
604 3547 790 3644 uniuersis
818 3561 855 3634 et
874 3545 1031 3751 sinffulis
1050 3545 1209 3672 iuribus,
1239 3543 1432 3649 sumtibus,
1461 3541 1672 3641 utilitatibus
1698 3558 1736 3632 et
1755 3547 1942 3664 pertinen·

972 3695 1060 3752 esse
1081 3678 1253 3783 poterunt
1272 3665 1309 3752 in
1329 3665 1499 3752 futurum.
1553 3661 1735 3753 Veientes
1755 3678 1793 3753 et
1813 3680 1943 3754 tenure

234 3815 236 3825 ’
269 3785 271 3789 ’
329 3786 565 3906 presencium
595 3781 862 3901 decernentes,
895 3781 996 3904 quud
1025 3785 1108 3902 ipse
1137 3781 1310 3872 dominus
1330 3783 1532 3904 episeopus
1562 3799 1599 3871 et
1624 3781 1787 3872 eeclesia
1808 3781 1940 3872 wladi·
2083 3817 2094 3834 ··

330 3899 528 3993 slauiensis
563 3933 652 4010 sua,
692 3903 816 3992 omnia
849 3917 885 3992 et
913 3901 1062 4024 singula
1092 3899 1262 4018 predicta
1288 3932 1356 4021 per
1390 3931 1460 3990 nus
1490 3900 1560 3990 sibi
1581 3900 1670 3990 data
1690 3917 1727 3990 et
1747 3901 1943 4022 assignata

329 4019 446 4112 modo
476 4019 664 4140 predicta,
703 4019 788 4112 Nos
817 4052 968 4143 quoque
998 4036 1035 4110 et
1055 4023 1319 4110 monesterium
1347 4034 1534 4124 nostrum,
1564 4019 1612 4126 aa
1632 4017 1794 4106 eeclesia
1814 4032 1943 4106 nostru

332 4137 523 4230 leudensis
546 4139 709 4232 similiter
729 4143 903 4229 uniuersa
932 4155 970 4230 et
994 4141 1051 4230 siu
1083 4139 1144 4228 ula
1198 4139 1363 4240 relibuta,
1393 4139 1599 4258 peripsum
1621 4137 1729 4226 nubis
1750 4136 1885 4227 traditu
1906 4151 1944 4226 et

328 4257 528 4375 'assiduata
556 4253 760 4346 debeamus
776 4253 942 4346 ¹vicissim
971 4168 1294 4346 lambendum
1314 4254 1494 4376 perpetuo
1516 4251 1713 4375 possidere
1728 4277 1750 4342 :¹
1799 4269 1943 4376 tempe·

333 4379 474 4471 ralibus
499 4405 570 4499 pro
599 4375 865 4512 temporalibus
886 4390 923 4464 et
942 4373 1283 4496 spiritualibuspru
1303 4373 1554 4496 sp'ritualibus
1571 4375 1628 4464 sie
1647 4374 1830 4467 eenuniue
1854 4405 1943 4495 per·

333 4497 494 4595 nubtis.
554 4494 805 4587 Prumrttimus
825 4494 977 4616 insuper
995 4493 1143 4584 nemine
1163 4493 1378 4614 munasterij
1400 4507 1438 4582 et
1457 4493 1618 4584 eeclesia
1634 4508 1764 4584 nostre
1784 4523 1855 4614 μυ
1873 4521 1944 4583 aa·

449 4801 476 4884 ⁴)
503 4799 599 4868 Villae
612 4799 669 4866 bae
684 4806 754 4864 sunt
788 4798 870 4866 raeul
884 4798 989 4866 dubia:
1015 4795 1224 4868 demessam
1238 4787 1399 4868 tammus
1413 4795 1597 4864 Teneriensis
1622 4797 1687 4864 siue
1700 4797 1944 4876 Dirseboviemis,
1989 4829 1992 4836 ·

335 4888 408 4954 ium
469 4885 539 4968 ablri
550 4885 676 4963 statuta,
691 4883 740 4952 Kd
825 4907 846 4950 e
858 4883 1020 4953 danaum
1034 4883 1237 4965 bedensem,
1248 4881 1361 4954 ibidem
1377 4883 1467 4953 etiem
1482 4882 1644 4953 mem
1670 4890 1760 4972 atque
1777 4880 1944 4955 Clota*-
