4926 5940
945 819 951 826 Ι
1111 747 1136 764 -
1188 709 1274 784 tot>
1317 751 1363 766 -

409 910 694 1014 instrumentis,
711 909 851 998 'aribus
875 925 917 996 et
937 895 1186 1016 munimentis,
1218 913 1440 1031 testiumque
1460 911 1569 1000 dictis
1597 924 1635 998 et
1658 911 1977 1030 deposicionibus,
1998 916 2040 1004 iu·

411 1043 488 1117 tota
514 941 725 1116 huiusmodi
756 1055 873 1116 causa
895 1027 1048 1135 babitis,
1079 1029 1250 1118 exhibitis
1272 1047 1309 1120 et
1330 1029 1543 1148 producto,
1574 1031 1705 1149 eisque
1726 1060 1811 1118 cum
1833 1030 2037 1148 diligencia

408 1161 446 1234 et
466 1149 675 1234 maturitate
696 1144 820 1234 debita
840 1147 1048 1236 recensitis:
1069 1147 1118 1234 de
1131 1149 1230 1264 juris
1250 1151 1453 1268 peritorum
1470 1147 1626 1236 consilio
1647 1162 1685 1236 et
1700 1177 1876 1254 assensu,
1897 1149 2033 1267 quibus
2072 1194 2080 1206 =

407 1262 457 1350 de
478 1263 688 1364 huiusmodi
709 1293 824 1352 cause
846 1265 1232 1354 meritisrelacionem
1252 1267 1461 1386 plenariam
1479 1269 1700 1355 lecimuset.
1714 1265 1876 1372 fidelem,
1897 1265 1948 1354 ad
1970 1297 2036 1358 no·

407 1395 523 1470 stram
539 1383 774 1471 'sentenciam
795 1381 1060 1501 prolerendam
1081 1382 1254 1471 duximus
1275 1383 1556 1502 procedendum
1578 1397 1617 1472 et
1634 1385 1911 1501 processimus,
1932 1414 2035 1472 eanr-

408 1529 483 1620 quc
512 1531 581 1618 per
608 1531 673 1605 ea,
700 1531 773 1620 que
799 1499 959 1590 vidimus
989 1517 1026 1590 et
1054 1504 1321 1622 cognovimus,
1348 1532 1396 1590 ac
1417 1503 1688 1622 cognoscimus
1717 1515 1755 1589 et
1780 1500 1968 1606 videmus,
1999 1505 2034 1590 in

406 1620 564 1737 scriptis
578 1617 725 1706 tulimus
747 1631 784 1704 et
804 1618 1135 1738 promulgavimus
1153 1635 1191 1709 et
1205 1621 1442 1739 presentibus
1463 1621 1615 1710 lenimus
1636 1637 1673 1710 et
1694 1619 1978 1740 promulgamus
1998 1622 2036 1708 in

406 1733 539 1842 buno,
558 1739 623 1857 qni
641 1738 818 1855 sequitur,
849 1735 1018 1826 modum:
1243 1771 1245 1776 ·
1471 1792 1476 1800 ·

507 1853 568 1941 De
587 1856 689 1941 luris
710 1855 912 1972 peritorum
946 1857 1102 1944 consilio
1130 1871 1168 1945 et
1186 1887 1348 1946 assensu
1377 1857 1566 1977 perhanc
1595 1865 1764 1945 nostram
1792 1859 2033 1968 sentenciam,

406 2001 518 2092 quam
539 2001 610 2090 pro
631 1972 802 2060 tribunali
823 1971 1002 2062 sedentes
1023 1975 1173 2063 ierimus
1194 1977 1230 2064 in
1251 1975 1321 2094 hijs
1340 1977 1509 2095 scriptis,
1531 1971 1845 2094 pronunciamus,
1866 1974 2034 2062 decerni-

407 2121 490 2178 mus
511 2103 549 2177 et
568 2089 825 2190 declaramus,
855 2089 993 2180 dictam
1014 2092 1241 2182 diffinitivam
1274 2096 1507 2182 sentenciam
1528 2092 1856 2198 adiudicatoriam,
1878 2121 1947 2210 per
1966 2122 2034 2187 ve·

405 2208 605 2298 nerabilem
626 2211 745 2296 virum
766 2207 955 2297 dominum
975 2209 1185 2299 lobanncm
1207 2212 1257 2296 de
1276 2218 1407 2315 Mella,
1429 2209 1575 2329 p'allacij
1605 2212 1803 2330 apostolici
1830 2239 2032 2298 causarum

404 2327 613 2414 auditorem
636 2328 836 2441 prelatum,
858 2355 928 2442 pro
949 2328 1181 2415 Reverendo
1202 2345 1308 2444 patre
1330 2329 1482 2417 domino
1502 2330 1687 2427 lobonne,
1709 2327 1906 2445 Episcopo
1928 2326 2033 2416 Wla-

402 2443 620 2534 dislaviensi
641 2457 677 2529 ct
697 2441 896 2530 ecclesiam
919 2442 1276 2545 Wladislavicnsent
1297 2445 1380 2558 (sic)
1402 2445 1579 2561 predictis
1587 2510 1597 2551 ,
1619 2447 1714 2531 iuste
1735 2462 1772 2531 et
1792 2446 1889 2532 bene
1909 2447 2033 2550 latam,

404 2593 453 2652 ac
472 2559 684 2649 huiusmodi
705 2573 782 2648 tres
802 2559 1101 2650 interlocutorias
1121 2563 1336 2650 sentencias
1365 2564 1438 2651 vim
1460 2560 1733 2649 diffinitivarum
1755 2563 2031 2650 sentencierum

404 2681 606 2788 habentes,
627 2709 696 2798 per
717 2707 813 2798 quas
833 2682 1117 2797 pronunciatum
1134 2681 1259 2785 extitit,
1275 2681 1457 2799 prolatam
1478 2679 1706 2768 dillinitivam
1723 2675 2032 2766 adiudicatoriam

403 2801 633 2890 sentenciam
655 2799 691 2884 in
711 2827 791 2884 rem
812 2799 1033 2890 transivisse
1058 2797 1277 2906 iudicatam,
1309 2815 1345 2887 et
1369 2797 1665 2917 appellacionem
1695 2797 1745 2884 ab
1767 2825 1812 2884 ea
1834 2797 2032 2914 interposi-

403 2934 478 3007 tam
501 2917 615 3006 luisse
635 2913 841 3022 desertam,
872 2917 969 3006 latas
995 2919 1097 3006 iuxta
1116 2919 1191 3005 vim
1212 2931 1251 3004 et
1271 2931 1439 3006 tenorem
1461 2916 1642 3004 dictarum
1665 2915 1944 3004 sentencierum
1964 2945 2033 3034 per

403 3063 587 3124 censuras
607 3033 906 3143 ecclesiasticas,
927 3050 965 3124 et
979 3036 1059 3148 ¹alia
1071 3037 1169 3155 juris
1190 3035 1355 3124 remedia
1376 3063 1446 3154 pro
1467 3035 1577 3140 dictis
1604 3033 1757 3154 domino
1777 3030 1974 3152 Episcopo
1995 3049 2034 3122 et

404 3155 566 3243 ecclesia
590 3151 907 3261 Wladislaviensi,
928 3154 1051 3243 debite
1072 3171 1109 3244 et
1130 3154 1296 3268 plenarie
1322 3155 1541 3242 execucioni
1562 3150 1848 3242 demandandas
1869 3152 1970 3258 lore,
1993 3168 2032 3238 et
2125 3219 2132 3229 .

403 3271 623 3361 cxeoucioni
645 3269 770 3358 debita
791 3270 1080 3379 demandamus,
1111 3272 1324 3390 dictamque
1352 3271 1659 3390 appellacionem,
1681 3301 1705 3358 a
1726 3272 1922 3358 sentencia
1942 3299 2031 3387 pre·

402 3393 466 3479 lati
487 3389 627 3479 domini
647 3388 833 3477 lobannis
853 3389 902 3477 de
923 3398 1037 3482 Mello
1056 3393 1332 3509 interpositam,
1354 3392 1469 3477 luisse
1491 3405 1528 3477 et
1548 3419 1636 3476 esse
1657 3388 1860 3490 desertam,
1876 3387 2031 3474 litteras-

403 3541 477 3629 que
518 3509 794 3596 exccutoriales
825 3509 896 3595 sub
926 3508 1050 3628 sigillo
1080 3521 1211 3596 nostro
1253 3509 1494 3596 necessarias
1525 3521 1564 3594 et
1593 3520 1829 3624 opportunas
1866 3505 2032 3623 desuper

403 3629 523 3714 eciam
545 3629 646 3714 iuxta
668 3627 825 3713 lormam
846 3627 1121 3716 commissionis
1143 3657 1165 3714 a
1195 3625 1371 3732 ostolice,
1411 3625 1521 3717 nobis
1551 3624 1716 3742 desuper
1735 3653 1805 3741 pro
1822 3636 1934 3742 parte
1955 3625 2031 3710 dic·

403 3761 524 3834 torum
546 3744 683 3830 damini
704 3743 885 3862 Episcopi
907 3760 944 3833 et
964 3745 1126 3832 ecclesie
1196 3743 1469 3832 ladislaviensis
1490 3757 1744 3862 presentatus,
1768 3740 2030 3830 decernendas
2106 3763 2112 3776 “

400 3863 484 3952 lore
513 3875 555 3958 et,
580 3860 832 3969 decernimus,
864 3863 1226 3982 opposicionesquo,
1257 3863 1549 3951 molestaoiones
1586 3877 1622 3949 et
1655 3858 1934 3975 impedimenta,
1962 3881 2032 3977 per

401 3978 524 4067 dictos
545 3979 742 4084 consules,
773 3983 1024 4097 proconsules
1045 3996 1083 4068 et
1103 3983 1381 4070 universitatem
1399 3981 1530 4097 prelati
1552 3977 1654 4096 opidi
1678 3981 1869 4082 Gdnocalc,
1890 3975 2030 4082 aduer-

400 4096 545 4201 sarios,
566 4110 605 4180 ut
626 4099 862 4211 premittitur,
892 4097 1007 4184 luisse
1027 4110 1065 4181 et
1084 4127 1172 4184 esse
1193 4099 1407 4198 temeraria,
1438 4094 1561 4181 illicita
1592 4107 1630 4182 et
1659 4093 1708 4179 de
1728 4093 1830 4182 lacto
1853 4123 2028 4211 presum-

400 4227 483 4333 pta,
515 4213 680 4332 ipsisque
702 4211 947 4319 Consulibus,
979 4211 1268 4330 proconsulibus
1299 4229 1337 4302 et
1364 4212 1613 4317 universitati,
1645 4211 1892 4328 adversarijs,
1914 4241 2031 4329 super

402 4333 472 4421 illis
493 4346 711 4451 perpetuum
734 4329 926 4418 silencium
947 4329 1212 4448 imponendum
1232 4331 1313 4418 lore
1335 4343 1373 4416 et
1394 4331 1635 4446 imponimus,
1667 4328 1864 4448 dictosque
1882 4329 2028 4418 Consu-

400 4451 469 4556 les,
490 4449 740 4567 proconsules
761 4463 797 4535 et
817 4449 1092 4538 universitatem
1114 4450 1150 4535 iu
1171 4450 1368 4567 expensis,
1389 4449 1424 4536 in
1446 4445 1657 4537 huiusmodi
1677 4477 1797 4536 causa
1825 4463 2028 4565 propterea

401 4595 531 4673 coram
548 4567 850 4686 nubislegittime
871 4567 990 4673 lactis,
1014 4565 1351 4686 condempnandos
1379 4567 1460 4654 lore
1491 4581 1529 4654 et
1556 4566 1899 4683 condempnemus:
1933 4595 2025 4684 qua·

401 4707 482 4774 runt
513 4715 761 4802 expensarum
792 4686 1025 4774 taxacionem
1055 4686 1164 4773 nobis
1195 4685 1230 4772 in
1261 4701 1454 4803 posterum
1482 4715 1733 4774 reservamus.
1783 4683 1873 4798 Quc
1903 4685 2029 4774 omnia

399 4817 436 4894 et
458 4804 608 4925 singula
638 4805 748 4893 vobis
776 4805 947 4893 amnibus
975 4817 1014 4892 et
1042 4803 1200 4925 singulis
1228 4802 1453 4923 supradictis
1474 4803 1701 4910 intimamus,
1732 4804 1961 4892 insinuamus
1992 4818 2028 4890 et
