4926 5940
1070 789 1113 802 -
1170 747 1244 822 385
1301 789 1357 870 -ι

389 981 478 1056 eum
497 950 678 1070 recipiant
697 951 945 1054 incrementa,
975 947 1025 1036 ad
1057 934 1240 1038 instantes
1267 949 1476 1068 peticiones
1505 948 1670 1038 suenoni
1692 947 1774 1060 (sic)
1795 947 1946 1043 Martini
1968 949 2018 1042 de

281 1139 283 1144 .
314 1079 317 1084 ’
391 1070 603 1175 Calioowa,
630 1069 827 1160 castellari
847 1065 1091 1167 Siradicnsis,
1124 1067 1247 1158 fidelis
1272 1069 1391 1156 nostd
1412 1067 1552 1172 dilecti,
1583 1068 1620 1158 in
1641 1067 1758 1184 ipsius
1789 1067 1875 1156 ville
1899 1071 2041 1177 G(ro-,

390 1197 471 1276 boo
492 1185 549 1302 (2)
569 1189 618 1300 iu)
640 1201 741 1276 terra
774 1203 812 1276 et
831 1187 1000 1274 districtu
1031 1184 1240 1274 Siradieosi
1269 1187 1373 1290 sitta,
1405 1186 1589 1276 ciuitatem
1610 1185 1739 1273 locare
1767 1185 2018 1302 permisimus,

367 1309 585 1426 ipsamque
605 1306 777 1397 omuibus
790 1304 955 1423 juribus,
988 1302 1111 1391 modis
1141 1316 1179 1392 et
1199 1303 1552 1408 consuetudinibus,
1584 1303 1719 1423 quibus
1742 1318 1870 1391 cetere
1890 1305 2022 1392 ciuita-

241 1473 246 1480 ,
389 1439 450 1512 tes
468 1425 594 1544 Regni
626 1425 745 1512 nostri
779 1424 992 1542 pociuntur,
1024 1422 1161 1539 perfrui
1196 1421 1370 1512 volumus
1396 1436 1437 1532 et
1462 1421 1645 1541 gaudere.
1694 1421 1738 1510 ln
1774 1451 1849 1539 qua
1870 1423 2023 1510 ciuitate

391 1546 556 1632 &abac
578 1541 703 1634 mono
725 1541 888 1630 locanda
908 1541 1028 1629 lorum
1056 1540 1301 1657 septimanele
1330 1542 1540 1652 statu(imus
1581 1539 1753 1660 sinlgulis
1776 1540 1922 1631 sabulis
1943 1538 2022 1628 die·

388 1660 460 1748 bus
490 1663 526 1747 in
558 1661 723 1780 qualibet
750 1663 958 1778 septimana
989 1657 1278 1765 celebrandum,
1308 1660 1538 1776 temporibus
1570 1659 1761 1777 perpetuis
1790 1655 2021 1746 duraturum:

389 1777 638 1866 decernentes
659 1795 696 1866 et
715 1779 870 1866 liberam
897 1776 1110 1864 facultatem
1133 1777 1337 1865 tribuentes
1368 1779 1539 1866 omnibus
1570 1791 1607 1864 et
1626 1775 1785 1896 singulis
1814 1774 2024 1866 bominibus

392 1909 430 1982 et
448 1897 738 1999 mercatoribus,
778 1897 1035 2014 cuiuscunque
1063 1908 1185 1984 status
1205 1910 1250 1982 et
1277 1893 1513 1984 condicionis
1542 1896 1696 2001 luerint,
1737 1892 1840 2006 quod
1863 1893 1962 1984 licite
1987 1909 2024 1984 et

365 2013 473 2101 ·sioe
492 2015 593 2101 omni
613 2005 877 2131 inpedmenro
897 2015 1019 2103 lorum
1040 2011 1251 2102 huiusmodi
1271 2013 1431 2133 singulis
1451 2012 1621 2102 sabbatis
1637 2013 1790 2118 diebus,
1812 2027 1852 2100 ut
1872 2014 2020 2128 premit·

391 2131 495 2235 titur,
524 2132 675 2220 visitare
695 2134 856 2249 poterint
876 2131 979 2242 (sic),
1009 2161 1217 2250 eorumque
1246 2134 1481 2226 merconcias
1512 2158 1713 2234 exercere,
1744 2146 1783 2218 et
1804 2143 2039 2220 eorumree'

358 2245 360 2254 ’
390 2248 572 2356 vendere,
603 2281 729 2338 emere
749 2279 797 2336 ac
818 2252 930 2338 etiam
950 2265 1198 2352 commutare,
1220 2250 1321 2338 imita
1343 2249 1488 2338 illorum
1510 2250 1782 2366 beneplacitum
1804 2248 2022 2336 volontatis.

391 2365 460 2454 lllo
479 2370 587 2454 etiam
610 2399 685 2455 non
707 2368 893 2470 obmisso,
928 2366 1031 2484 quod
1061 2396 1194 2453 omnes
1224 2382 1457 2455 mercatores
1479 2381 1517 2452 et
1537 2369 1708 2454 homines
1737 2369 1862 2454 lorum
1893 2365 2019 2455 buius·

392 2484 494 2573 modi
521 2486 677 2574 visitare
710 2485 898 2587 volentes,
938 2482 1111 2570 omnibus
1146 2483 1396 2587 libertatibus,
1436 2484 1770 2572 consuetudinibus
1800 2498 1838 2568 et
1861 2485 2021 2600 juribus,

391 2603 528 2724 qrribus
548 2604 585 2690 in
604 2601 686 2720 alijs
707 2602 916 2690 ciuitatibus
937 2613 974 2688 et
995 2600 1161 2718 oppidis,
1183 2601 1219 2688 in
1241 2599 1377 2720 quibus
1397 2602 1518 2688 lorum
1539 2616 1757 2704 exercetur,
1781 2601 2022 2716 perfruantur

392 2731 431 2808 et
445 2720 636 2840 gaudeant
650 2736 688 2810 et
703 2723 813 2809 etiarn
830 2721 1029 2838 potiantur.
1045 2719 1079 2805 F
1081 2749 1189 2807 orum
1204 2747 1295 2806 vero
1311 2717 1446 2811 annale
1462 2719 1498 2806 in
1514 2718 1662 2806 ciuitate
1678 2716 1847 2836 predicte
1858 2722 2022 2805 Grobou

390 2869 509 2958 super
522 2841 621 2928 lesto
641 2841 761 2927 sancti
775 2839 808 2925 F
811 2839 982 2942 nancisei,
1000 2836 1048 2924 de
1063 2867 1164 2926 anuo
1184 2837 1235 2925 ad
1255 2866 1392 2924 annum
1408 2867 1452 2924 se
1468 2839 1700 2954 sequentium
1718 2834 1812 2948 (sic),
1829 2836 2020 2953 perpetuis

390 2958 623 3075 temporibus
643 2959 838 3046 statuimus
858 2955 1145 3044 celebrandum:
1175 2955 1225 3044 ita
1240 2971 1381 3063 umen,
1401 2953 1505 3074 quod
1519 2957 1641 3044 lorum
1656 2952 1869 3044 huiusmodi
1883 2954 2023 3042 uostris

392 3075 603 3166 ciuitatibus
642 3106 718 3164 oon
739 3076 878 3165 debeat
896 3074 1050 3188 aliquod
1090 3073 1332 3193 preiudicium
1372 3103 1572 3194 generare.
1643 3071 1765 3162 Vobis
1805 3072 1917 3191 igitur
1956 3101 2022 3160 ca·

391 3193 550 3312 piteoeis
576 3207 615 3284 et
640 3195 862 3283 officialibus
888 3193 1018 3314 llegui
1044 3195 1183 3296 nostri,
1216 3193 1279 3314 qui
1305 3222 1374 3310 pro
1401 3205 1572 3310 tempore
1594 3192 1755 3294 lueritis,
1787 3188 2021 3293 mandemus,

392 3328 580 3432 quatenus
609 3341 741 3402 omnes
767 3325 1001 3401 mercatores
1029 3326 1067 3400 et
1094 3311 1264 3400 homines
1284 3312 1405 3400 iorum
1427 3309 1639 3399 huiusmodi
1660 3311 1811 3396 visitare
1838 3307 2022 3410 volentes,

391 3431 449 3518 iro
477 3447 514 3520 et
541 3433 662 3552 ipsum
690 3460 871 3521 exercere
891 3431 1008 3520 libere
1028 3443 1066 3520 et
1085 3433 1168 3518 sine
1188 3431 1287 3518 omni
1308 3427 1573 3547 impedimento
1602 3428 1859 3546 permittatis
1895 3421 2022 3539 Quem
2060 3433 2062 3436 ’
2172 3437 2177 3446 ’

393 3549 543 3667 quidem
573 3552 758 3639 ciuitatem
791 3555 954 3638 Grebou
981 3549 1186 3667 predictam
1215 3547 1372 3664 dejure
1399 3549 1577 3666 polonico
1603 3549 1640 3634 in
1665 3548 1730 3664 jus
1757 3545 2022 3648 theutonicum,

394 3668 498 3786 quod
524 3669 820 3790 maidburgense
848 3667 1000 3768 dicitur,
1032 3667 1289 3755 transierimus
1309 3681 1493 3784 perpetuo
1520 3665 1763 3769 duraturum,
1824 3692 2021 3750 remouen-

393 3795 452 3900 tep
470 3786 606 3875 ibidem
630 3789 756 3876 omnia
778 3792 868 3907 jura
888 3786 1132 3906 polonicelia,
1164 3785 1302 3873 modos
1321 3797 1361 3871 ot
1379 3781 1673 3874 consuetudines
1700 3783 1916 3888 uniuersas,
1948 3809 2022 3898 que

392 3903 514 4021 ipsum
529 3911 595 4026 jue
614 3905 868 3996 theutonicum
889 3904 1182 4024 meidburgense
1202 3903 1411 4021 predictum
1437 3903 1656 4020 plerumque
1685 3900 1909 4018 pertubare
1927 3926 2020 3986 coo·

391 4039 606 4110 sueueront.
666 4023 871 4112 Eximimus
897 4026 1051 4140 insuper
1078 4037 1116 4110 et
1145 4035 1329 4139 perpetuo
1349 4021 1551 4108 liberamus
1571 4021 1819 4119 aduocatum,
1851 4016 1956 4104 ciues
1984 4031 2022 4106 ct

419 4139 550 4228 uosvis
569 4139 715 4226 incolas
735 4143 892 4228 ciuitatis
913 4140 1100 4256 predicte,
1122 4139 1172 4224 ab
1193 4139 1292 4226 omni
1311 4137 1552 4225 iurisdioione
1577 4151 1615 4224 et
1641 4147 1829 4253 potestate
1858 4133 2020 4220 omnium
2132 4205 2136 4214 ,

391 4171 522 4378 begui
548 4257 665 4344 nostri
694 4255 965 4369 palatinorum,
997 4257 1300 4372 capitaneorum,
1331 4254 1643 4358 castellanorum,
1674 4251 1860 4358 iudicum,
1891 4250 2020 4340 subiu-

389 4373 534 4481 dicum,
555 4388 841 4492 ceterorumque
861 4372 1072 4462 officialium
1093 4387 1132 4458 et
1153 4371 1441 4461 ministerialium
1462 4370 1686 4476 eorundem,
1708 4385 1747 4457 ut
1766 4398 1896 4458 coram
1917 4369 2019 4486 ipsis,

368 4493 458 4630 ,νιεΙο
479 4495 645 4612 ipsorum
674 4490 798 4610 aliquo
828 4522 898 4610 pro
926 4491 1149 4579 consistam
1171 4493 1339 4610 magnis,
1361 4521 1473 4608 qoam
1493 4491 1642 4607 paruis,
1664 4503 1771 4605 pote:
1793 4488 1897 4594 furti,
1929 4517 2019 4576 sen·

391 4639 534 4732 guture,
562 4609 764 4728 homicidp,
794 4609 972 4729 incendij,
993 4609 1243 4698 membrorum
1265 4608 1511 4718 mutileoionis
1531 4620 1569 4696 et
1589 4608 1781 4726 quibusuis
1803 4605 1887 4723 alijs
1907 4633 2016 4694 cuor-

492 4877 534 4960 Ρ)
567 4875 699 4945 Grobow
713 4877 856 4965 oppidum
877 4877 1018 4944 territorii
1033 4885 1064 4943 et
1077 4877 1209 4963 regionis
1224 4875 1433 4942 Lauriciensir.
1704 4969 1708 4978 Ι

511 4997 644 5048 renum
1644 5011 1649 5016 .
1816 4989 1851 5044 ω
