4878 5942
1151 685 1420 779 -ssatc-

490 909 588 984 terre
607 892 782 1011 Cuyavie,
798 887 1050 1007 prouidoviro
1070 887 1242 978 Marcooi
1263 887 1362 977 dioto
1382 885 1566 1006 pomorlrn
1586 884 1752 976 deterre
1766 895 1993 1002 pomeram'e,
2013 921 2088 1010 pre

489 1013 685 1133 sexaginta
703 1010 904 1128 sexagenis
924 1037 1146 1127 grossorum
1174 1009 1425 1127 pragensium,
1447 1007 1586 1094 numeri
1607 1006 1839 1124 polonicalis,
1860 1007 1929 1094 sibi
1950 1023 1988 1096 et
2007 1010 2084 1098 suis

401 1115 408 1215 i
489 1129 772 1220 successoribus
791 1127 977 1247 legittimis
991 1125 1248 1230 vendidimus,
1269 1126 1429 1245 quinque
1450 1153 1601 1212 mansos
1623 1125 1780 1231 liberos,
1802 1128 1954 1214 tercium
1975 1125 2086 1214 dena·

489 1251 582 1338 rium
602 1247 650 1335 de
671 1245 833 1366 quolibet
847 1243 1009 1362 judicio,
1030 1272 1139 1332 unam
1162 1244 1370 1350 tabernam,
1391 1255 1468 1330 tres
1489 1244 1696 1347 ortulancS,
1718 1237 1805 1334 octo
1824 1276 1974 1358 morpos
1993 1246 2085 1363 proti

489 1369 525 1456 io
545 1367 631 1454 villa
651 1381 778 1454 nostra
807 1369 1047 1478 lapyeuoike’
1071 1363 1396 1466 circumfossatos,
1427 1377 1464 1448 et
1483 1391 1592 1448 unum
1615 1362 1838 1478 piscatorem
1865 1393 1912 1471 ex
1933 1377 2087 1482 utruque
2164 1433 2168 1440 .

489 1499 595 1603 parte
614 1483 712 1602 lluvij
735 1481 821 1571 dicti
840 1487 1127 1596 chmycctllco,
1149 1480 1336 1600 usquead
1359 1479 1537 1598 piscinam
1559 1495 1723 1566 nostram
1745 1481 2007 1584 Brestensem,
2037 1481 2087 1568 si·

489 1633 537 1690 ne
557 1603 654 1691 omni
674 1599 934 1720 impedimento
954 1613 1100 1688 tenetur
1120 1599 1267 1718 piscari.
1306 1596 1356 1686 Et
1375 1613 1415 1685 ut
1434 1597 1603 1686 vendicio
1624 1597 1695 1684 bec
1726 1597 1890 1716 predicte
1910 1597 2087 1688 scultecie

345 1729 349 1738 ’
490 1721 611 1810 utilius
641 1735 677 1807 et
696 1720 846 1807 uberius
866 1718 926 1804 hio
955 1734 991 1805 et
1010 1720 1046 1805 in
1067 1731 1283 1836 perpetuum
1303 1727 1538 1833 permaneret
1558 1731 1594 1802 et
1614 1714 1776 1821 duraret,
1803 1718 1966 1836 prelatus
1986 1715 2087 1805 Mar·

490 1869 558 1929 cus
579 1851 617 1926 et
635 1839 692 1925 sui
712 1833 957 1936 successores
978 1835 1161 1955 legittimi,
1191 1836 1227 1920 in
1247 1855 1347 1954 equo
1368 1834 1519 1952 proprio
1549 1863 1618 1950 pro
1650 1833 1795 1934 duabus
1825 1836 2025 1954 sexagenis
2051 1837 2088 1924 in

381 1961 395 1996 ’“
452 1968 459 1980 ’
486 1962 665 2074 pancerio
686 1957 767 2044 siue
788 1955 914 2058 lorica,
935 1985 1019 2042 oum
1040 1954 1175 2040 balista
1196 1968 1232 2040 et
1252 1953 1320 2040 sub
1341 1953 1465 2072 galea,
1486 1948 1536 2038 ad
1557 1951 1839 2070 expedicionem
1861 1953 2088 2075 generalem:

405 2159 410 2170 ,
491 2072 692 2164 dummodo
719 2071 906 2192 generalis
936 2071 1187 2190 proclamacio
1218 2072 1378 2158 omnium
1406 2071 1674 2189 terrigenarum
1702 2073 1819 2159 nostri
1847 2073 1957 2192 regni
1985 2073 2092 2160 tuerit

387 2175 403 2222 ’Υ
468 2192 737 2312 proclamato:
766 2191 836 2278 sub
857 2205 987 2278 nostro
1017 2190 1150 2277 uexillo
1171 2189 1278 2276 nobis
1306 2203 1342 2276 et
1362 2189 1498 2276 nostris
1519 2189 1803 2278 successoribus
1822 2191 1966 2278 seruire
1987 2205 2090 2278 tene-

490 2327 560 2399 tur.
591 2309 683 2396 ltem
711 2309 1001 2426 prenominatum
1022 2306 1241 2396 Marconem
1269 2306 1405 2396 dictum
1435 2305 1628 2394 Pomorka
1660 2323 1697 2394 et
1725 2337 1816 2400 suos
1843 2337 2091 2396 successores

491 2428 689 2549 legittimos
724 2427 921 2514 liberamus
953 2425 1001 2513 ab
1037 2425 1210 2514 omnibus
1240 2423 1323 2543 alijs
1357 2425 1546 2541 seruicijs,
1574 2424 1843 2525 solucionibus,
1869 2429 2036 2547 angarijs
2057 2441 2094 2514 et

491 2545 735 2666 preangarijs,
756 2543 1028 2650 exactionibus,
1054 2541 1233 2632 duntaxat
1262 2555 1420 2660 excepta
1459 2541 1704 2660 expedicione
1734 2543 1919 2662 predicta,
1955 2545 2096 2662 inqua

490 2665 663 2756 astrictus
692 2675 751 2750 est
769 2663 877 2750 nobis
904 2663 1056 2750 seruire.
1086 2659 1135 2749 Et
1155 2663 1306 2778 insuper
1338 2662 1519 2776 prelatum
1549 2659 1766 2751 Marconem
1794 2677 1831 2750 et
1851 2691 1941 2751 suus
1961 2663 2092 2783 legitti-

491 2787 573 2872 mos
594 2810 851 2887 successores,
865 2779 1065 2869 liberamus
1080 2781 1129 2868 ab
1150 2780 1320 2868 omnibus
1334 2777 1532 2898 judicibus,
1555 2810 1778 2900 quocunque
1797 2781 1874 2868 iure
1894 2794 1932 2868 et
1945 2782 2094 2869 nomine

368 2967 371 2974 .
490 2913 726 3006 censeantur,
747 2915 874 2998 nostre
895 2911 993 2986 terre
1014 2899 1189 3016 Cuyauie,
1212 2913 1250 2986 ut
1270 2897 1389 2985 nullas
1419 2897 1501 3010 (sio)
1522 2897 1631 3004 alias,
1654 2899 1721 2988 nisi
1749 2928 1876 2987 coram
1905 2899 2014 2988 nobis
2033 2898 2095 2987 vel

420 3082 427 3102 .
490 3019 629 3109 nostris
655 3017 856 3136 capitaneis
881 3016 1113 3135 respondere
1141 3031 1286 3108 tenetur
1305 3015 1398 3129 (sic),
1431 3029 1468 3102 et
1487 3014 1561 3104 hoc
1579 3045 1649 3134 per
1668 3033 1834 3107 nostrum
1852 3015 2012 3104 anulum
2031 3015 2091 3106 vel

491 3137 610 3228 nostri
641 3135 833 3255 Capitaoei
869 3147 1050 3223 euocatus
1084 3165 1152 3223 seu
1193 3136 1326 3222 citatus
1353 3135 1522 3222 extiterit.
1577 3133 1723 3223 Deinde
1751 3134 1894 3256 prefixo
1922 3133 2094 3226 Marcooi

491 3273 529 3346 et
547 3256 626 3343 suis
655 3253 840 3374 legittimis
870 3252 1155 3342 successoribus
1184 3253 1219 3340 io
1240 3253 1354 3342 borra
1375 3266 1506 3340 nostra
1540 3257 1759 3346 Cowotbmi
1783 3254 1918 3341 damus
1938 3253 2039 3374 ligna
2058 3269 2095 3344 et

491 3373 640 3462 edificia
662 3372 785 3460 omnia
804 3401 850 3490 pr
859 3371 961 3487 osuis
970 3371 1255 3460 necessitatibus
1275 3369 1447 3460 scindere
1459 3387 1659 3460 etsecoare
1670 3372 1752 3486 (sio)
1762 3373 1887 3468 libere,
1909 3373 2094 3460 sioeomni

491 3489 752 3610 impedimento
788 3505 824 3578 et
852 3489 984 3609 quiete.
1033 3489 1201 3580 Posthoc
1230 3502 1399 3608 protecto
1430 3486 1605 3576 Marconi
1637 3503 1674 3577 et
1703 3493 1781 3580 suis
1809 3490 2095 3594 successoribus

491 3608 677 3746 legittimis
698 3608 733 3694 in
753 3605 920 3726 predicta
941 3607 1138 3710 scultecia,
1168 3607 1247 3697 siuo
1269 3609 1370 3696 cirea
1389 3607 1510 3698 villam
1531 3609 1590 3697 vel
1611 3607 1852 3699 hereditatem
1880 3608 2094 3726 predictam,

377 3736 389 3847 ζ
493 3743 604 3818 etiam
623 3724 756 3814 damus
786 3755 878 3814 aues
900 3755 1038 3844 capere
1059 3741 1096 3814 et
1121 3727 1270 3846 lepores
1294 3729 1426 3816 venari
1467 3757 1550 3814 curn
1570 3730 1733 3846 proprijs
1762 3727 1899 3821 retibus
1929 3743 1966 3816 et
1994 3727 2095 3816 cuni-

490 3846 574 3956 bus.
592 3841 716 3958 Quam
727 3842 873 3962 quidem
882 3843 1096 3932 sculteciam
1117 3845 1393 3962 prenominatus
1413 3843 1569 3932 Murcus
1590 3858 1627 3932 et
1646 3849 1703 3935 sui
1723 3876 1967 3936 successores
1987 3845 2095 3966 legit·

491 3959 871 4077 timi(?)habendam,
891 3959 1097 4067 tenendam,
1114 3959 1393 4081 possidendam,
1415 3961 1659 4068 vendendam,
1680 3963 1986 4070 commutandam,
2006 3991 2094 4082 pro-

492 4100 532 4173 ut
550 4083 619 4192 sibi
639 4095 677 4170 et
690 4081 768 4168 suis
783 4077 1314 4198 successoribuslegittimistb
1329 4079 1735 4198 jure(sic)hereditario
1757 4071 1791 4172 in
1814 4083 1983 4172 meliores
2004 4111 2095 4172 usus

492 4233 560 4292 seu
581 4202 719 4288 fructus
740 4199 1042 4287 conuertendam.
1061 4198 1104 4285 ln
1119 4201 1224 4286 ouius
1240 4212 1310 4287 etc.
1322 4201 1456 4286 Actum
1479 4213 1516 4286 et
1532 4197 1656 4286 datum
1677 4201 1711 4290 in
1732 4209 1919 4310 Brescze'e,
1940 4203 1976 4290 in
1992 4213 2096 4290 notae

492 4351 541 4408 ua
561 4319 658 4407 beati
679 4315 826 4406 Martini
846 4317 1074 4406 contessoris
1094 4317 1250 4520 pluriosi
1270 4330 1383 4437 atque
1402 4317 1598 4437 pontificis,
1619 4319 1689 4406 sub
1710 4351 1809 4410 anno
1835 4319 1971 4408 domini
1992 4323 2095 4408 1346.

492 4435 735 4550 Preseotibus
749 4435 806 4524 bis
822 4435 988 4541 testibus,
1004 4435 1090 4524 nobi
1106 4436 1187 4524 rbus
1204 4438 1291 4524 uiris
1307 4449 1344 4522 et
1359 4435 1527 4526 dominis:
1549 4433 1585 4522 N
1587 4437 1722 4526 eherza
1732 4431 1893 4558 palatino
1902 4433 2096 4530 Sandomi·
2221 4535 2227 4544 ‚

493 4555 615 4660 riensi,
636 4553 791 4642 Alberto
806 4553 969 4674 palatino
985 4554 1215 4660 Cuiuuiensi,
1236 4555 1411 4644 Pasccne
1431 4553 1635 4644 castellano
1655 4556 1884 4666 Brzestensi,
1905 4553 2097 4692 Dubeslao

593 4767 635 4853 Ρ)
675 4769 802 4839 Librorii
818 4743 934 4839 incuria
953 4771 1053 4857 plures
1072 4794 1159 4840 roceo
1173 4771 1262 4858 hujus
1282 4771 1394 4861 periodi
1408 4781 1478 4839 sunt
1492 4775 1633 4856 omissae,
1650 4775 1778 4864 ideoque
1792 4773 1882 4844 totius
1898 4755 2013 4862 periodi
2027 4793 2096 4840 eon·

493 4853 776 4925 structiocluudient
1199 4873 1202 4878 ·
