4896 5926
1125 695 1373 766 „04-

435 908 472 980 et
493 891 725 981 Laurencius
745 891 929 1011 capellani
950 891 999 984 de
1017 899 1147 980 Leton
1161 891 1227 1004 (³),
1258 894 1513 1012 Sandyuoyus
1535 893 1753 984 Canonicus
1776 892 2064 1002 Crusuiciensis,

413 1006 579 1129 'loseph
615 1011 829 1100 Canonious
861 1014 981 1100 sancti
1014 1011 1110 1118 Viti,
1148 1013 1358 1131 Rodgerus
1394 1027 1432 1099 et
1470 1011 1676 1103 Wrouinus
1713 1013 1904 1130 Capeliani
1940 1012 2065 1122 Curie,
2109 1050 2111 1057 ’
2148 1097 2160 1118 ,

437 1129 625 1235 Cbumus,
655 1129 889 1250 Stephanus,
920 1131 1110 1218 Gustisius
1140 1131 1335 1248 dyacones
1365 1131 1460 1244 (sic).
1508 1129 1598 1252 Ego
1628 1132 1843 1251 Drogosius
1871 1145 2066 1251 compater
2107 1123 2111 1132 ’

273 1262 277 1270 ’
434 1249 724 1368 cognominatus
747 1251 912 1336 notarius
934 1251 1102 1370 episcopi
1123 1251 1378 1368 prenominati.

535 1498 573 1584 (θ)
601 1497 772 1566 Piotrlcowo
794 1499 862 1566 villa
882 1499 1044 1567 decanatus
1064 1495 1332 1586 Radziejeriensis,
1354 1499 1444 1567 bodie
1466 1499 1625 1587 oppidum,
1650 1499 1792 1570 Lubomc
1812 1503 1880 1570 uilla
1901 1502 2063 1572 tenuatus
2096 1569 2097 1573 ,

432 1585 656 1680 dicaesariensis,
670 1585 775 1650 ambae
789 1585 930 1651 territorii
946 1585 1133 1670 Cujavionsis
1147 1586 1279 1670 regionis
1294 1606 1366 1653 vero
1379 1585 1642 1672 Radziojeriensis.

1152 1953 1352 2128 cmix.

563 2241 877 2348 Anagniae,
903 2260 1059 2326 anno
1084 2239 1233 2328 1259
1259 2241 1353 2326 dic
1378 2237 1456 2328 29
1482 2241 1683 2327 menda
1706 2243 1929 2346 Anrttts.

493 2443 777 2518 Alexander
796 2443 884 2514 lv.
905 2443 1050 2532 repa
1074 2461 1182 2516 onnes
1207 2442 1413 2534 locutiones,
1438 2460 1518 2537 mss
1543 2444 1655 2518 onnes
1679 2445 2003 2537 nomenclator

856 2543 1110 2664 tttsttuaricssi
1130 2547 1266 2634 tenuat,
1287 2547 1378 2620 ratas
1400 2563 1476 2620 erro
1489 2546 1585 2640 jubet
1598 2551 1645 2636 (¹).

534 2769 752 2857 Alexander
770 2768 986 2974 Episcopus
1007 2799 1141 2856 servus
1163 2799 1359 2857 servorum
1382 2771 1462 2857 Dei.
1512 2771 1728 2859 Venerabili
1748 2750 1853 2858 tratri
1869 2768 2064 2889 Episcopo

433 2904 470 2976 et
491 2887 636 2974 dilectis
666 2887 762 3005 lilijs,
827 2888 967 3004 epitulo
1000 2886 1305 2975 Wladislaviensi
1328 2889 1485 2976 salutem
1513 2901 1552 2974 et
1571 2889 1816 3003 apostolicam
1838 2887 2064 2976 benedictio-

435 3036 531 3093 nem.
563 3007 682 3094 lustis
703 3007 904 3123 petentium
927 3004 1126 3122 desiderijs
1147 3005 1300 3120 dignum
1323 3021 1380 3093 est
1401 3038 1472 3095 nos
1488 3008 1631 3096 lacilem
1649 3009 1809 3126 prebere
1825 3037 2064 3114 consensum,

434 3137 472 3212 et
492 3136 591 3231 voto,
619 3155 693 3243 que
713 3125 893 3210 orationis
915 3125 1060 3210 tramite
1080 3155 1155 3211 non
1176 3123 1406 3230 discordant,
1434 3127 1568 3213 ellectu
1590 3139 1843 3247 prosequente
1865 3125 2064 3245 complere.

433 3243 529 3330 Cum
549 3244 672 3363 igitur,
694 3241 791 3329 sicut
810 3255 938 3332 vestra
957 3243 1084 3360 petitio
1100 3242 1209 3331 nobis
1226 3244 1387 3330 exhibita
1405 3244 1631 3349 continebat,
1652 3244 1841 3364 quondam
1857 3241 2064 3358 Baussaffl

433 3361 576 3449 Comes
594 3359 797 3465 Palatinus
817 3359 1144 3449 Wlsdislaviensis
1162 3360 1338 3464 diocesis,
1360 3361 1535 3449 nonnulla
1558 3362 1732 3450 debonis
1752 3363 1830 3450 suis
1851 3392 1921 3480 pro
1943 3364 2064 3452 anime

434 3509 503 3566 sue
532 3480 671 3584 salute,
706 3479 816 3566 vobis
849 3494 886 3569 ct
914 3479 1076 3566 ecclesie
1105 3495 1248 3587 vestre,
1284 3479 1551 3568 deliberatione
1580 3483 1642 3598 pia
1675 3493 1712 3570 et
1740 3481 1919 3600 provida,
1956 3497 2066 3596 prout

434 3628 454 3684 s
483 3599 661 3684 setabant-
678 3595 727 3683 ad
750 3627 833 3683 eum
854 3597 890 3684 in
913 3597 1038 3684 ultima
1058 3597 1248 3686 voluntate
1269 3597 1433 3695 donavit:
1454 3600 1551 3687 sicut
1571 3599 1606 3685 iu
1627 3599 1756 3686 litteris
1777 3598 1863 3686 inde
1884 3599 2064 3686 conlectis

455 3627 579 3802 lanius
601 3715 733 3802 dicitur
753 3717 953 3802 contineri:
993 3713 1077 3802 Nos
1098 3718 1230 3804 vestris
1252 3717 1584 3834 supplicationibus
1614 3717 1792 3823 inclinati,
1826 3716 1929 3836 quod
1950 3745 2065 3836 super

433 3746 510 3922 boe
529 3834 579 3920 ab
601 3831 735 3921 eodem
757 3835 891 3921 comite
912 3836 972 3952 pie
993 3863 1041 3921 ao
1062 3834 1219 3952 provide
1239 3837 1377 3921 laetum
1400 3851 1474 3942 est,
1503 3849 1622 3922 ratum
1644 3835 1827 3922 babentes
1848 3851 1885 3922 et
1904 3851 2064 3954 gratum,

432 3953 521 4040 illud
556 3955 780 4040 auctoritate
815 3952 1037 4069 Apostolioo
1073 3952 1362 4056 confirmamus,
1401 3967 1439 4038 et
1473 3947 1659 4070 presentis
1693 3955 1821 4070 scripti
1856 3953 2065 4071 patrocinio

434 4073 717 4161 communimus.
768 4069 867 4160 Nulli
903 4101 1000 4192 ergo
1035 4073 1186 4158 omnino
1221 4071 1409 4158 bominum
1444 4070 1555 4159 liceat
1588 4072 1686 4159 banc
1721 4073 1898 4191 paginam
1934 4084 2065 4158 nostre

434 4189 727 4278 confirmationis
755 4191 979 4309 intringere,
1008 4189 1069 4278 vel
1098 4192 1132 4276 ei
1151 4217 1246 4276 cusu
1277 4191 1475 4277 temerario
1506 4191 1705 4278 contraire.
1757 4191 1911 4307 Siquis
1940 4204 2065 4276 autem

433 4306 509 4394 boc
536 4324 759 4425 attemptare
788 4309 1075 4426 presumpserit,
1104 4307 1398 4428 indignationem
1429 4309 1692 4426 omnipotentis
1718 4306 1790 4394 Dei
1811 4324 1849 4396 et
1867 4309 2064 4396 beatorum

535 4557 576 4641 [¹]
602 4558 650 4624 Ex
672 4558 832 4646 archetypo
854 4559 1101 4638 membranaceo,
1122 4559 1208 4647 quod
1227 4560 1258 4626 in
1278 4559 1426 4626 tabulario
1446 4559 1579 4646 quodam
1600 4557 1717 4646 privato
1738 4559 1770 4625 in
1789 4559 1897 4646 Regno
1919 4557 2065 4626 Gallicisc

433 4649 615 4714 anserum.
629 4641 821 4730 descripbrm.
855 4643 994 4730 Sigillum
1008 4645 1101 4712 decet

437 4787 443 4800 .
535 4725 574 4811 (²)
604 4727 711 4794 Procul
733 4729 825 4794 dubio
846 4729 980 4827 bogussa
1001 4730 1112 4797 Comes
1134 4729 1287 4796 Palatinus
1306 4727 1451 4814 Guiarioe
1462 4747 1625 4798 occurrens
1638 4728 1670 4796 in
1683 4729 1781 4796 Temo
1793 4729 1816 4795 t
1830 4727 1919 4815 bujus
1934 4725 2064 4808 Codicis,

432 4811 475 4884 ott
490 4813 574 4878 testis
592 4811 670 4878 1251
689 4819 721 4880 et
737 4813 941 4880 1253arrde
956 4811 1124 4901 tbtnposs
1140 4821 1171 4881 et
1184 4814 1234 4880 69.
1695 4857 1697 4862 -
