4876 5940
1010 783 1055 800 -
1108 744 1284 824 anu-

943 1137 946 1147 ,
987 997 1304 1147 ocimum.

394 1219 465 1298 ιιι
490 1215 632 1301 vitto
656 1213 989 1348 Kocapptec,
1015 1236 1169 1310 anno
1195 1215 1336 1309 1³21
1354 1215 1447 1301 dte
1463 1215 1502 1300 4
1519 1225 1660 1301 mem.
1677 1218 1897 1320 aperire

342 1381 633 1486 Ger-uerum
649 1383 820 1486 Episcopus
839 1363 1117 1486 ιιιιιὶἱίιιιιιὶιιιίιΙ
1129 1385 1251 1458 eudon
1270 1385 1553 1488 stetinensium
1573 1387 1768 1478 mmecousi
1788 1381 1901 1480 arbam
1915 1388 1954 1463 tr

486 1487 555 1544 nno
565 1467 1015 1549 neocaesariensium
1025 1471 1231 1562 Ιιιιιοιιιιι
1242 1469 1412 1548 mourut]
1424 1472 1544 1550 cruori
1557 1477 1803 1566 patermutio.

325 1641 353 1744 “,
436 1644 478 1732 ln
499 1646 647 1732 nomine
668 1643 826 1750 domini,
856 1674 976 1730 amen.
1005 1661 1006 1669 ‘
1036 1641 1217 1732 Nouerint
1238 1645 1400 1731 uniuersi
1422 1647 1656 1762 presencium
1685 1647 1855 1734 noticiam
1884 1643 1952 1733 ba·
2042 1713 2048 1725 .

337 1763 456 1852 bituri:
519 1762 637 1880 Quod
664 1761 747 1852 Nos
775 1762 1087 1878 Geruarduspdei
1117 1765 1250 1884 gracia
1275 1763 1437 1852 ecclesie
1458 1763 1783 1856 Wladislauieosis
1805 1767 1954 1882 episco-
2061 1857 2064 1864 ,

238 1933 243 1946 ·
339 1913 429 2000 pus,
461 1881 509 1968 de
536 1899 723 1971 consensu
751 1882 901 1970 iratrum
928 1896 1141 1978 nostrorum
1170 1882 1319 1999 capituli
1355 1881 1700 1989 Wladislauiensis‚
1738 1883 1953 1976 admisimus

268 2017 273 2024 '
338 2015 375 2090 et
406 1997 630 2091 admittimus
691 2032 732 2091 er
760 2017 956 2122 presentes
992 1998 1152 2094 Nicolao
1182 2001 1281 2090 dicto
1303 1999 1350 2090 de
1383 2003 1542 2108 Cotmze,
1574 2003 1732 2092 sculteto
1753 2019 1883 2092 nostro
1906 2003 1955 2092 de

337 2123 541 2236 Mtpoyeez,
571 2032 688 2242 quod
701 2121 825 2208 valeat
853 2149 990 2242 aquam
1018 2119 1066 2210 de
1094 2121 1233 2227 riuulo,
1255 2122 1316 2240 qui
1340 2120 1472 2208 dicitur
1501 2127 1756 2238 Liboruoyezo
1777 2120 1857 2234 (ἓ),
1890 2154 1956 2240 per

337 2239 469 2326 eadem
490 2239 589 2328 bona
611 2253 741 2330 nostra
763 2241 920 2329 transire
941 2241 1082 2328 ducere
1103 2238 1152 2328 ad
1172 2239 1423 2328 molendinum
1445 2269 1552 2328 suum
1573 2241 1728 2349 ibidem,
1760 2241 1808 2328 ad
1834 2268 1955 2361 augu-

336 2357 580 2444 mentandam
594 2360 675 2472 lsic)
697 2389 853 2480 aquam,
884 2359 920 2447 in
942 2389 1016 2478 qua
1037 2357 1132 2448 idem
1155 2355 1403 2446 molendinum
1434 2391 1502 2478 per
1517 2391 1601 2446 eum
1629 2375 1688 2448 est
1707 2360 1956 2452 edificandum

337 2475 431 2588 (sic),
448 2492 484 2562 et
498 2477 664 2588 sivolet,
682 2478 792 2565 liceat
807 2477 875 2564 sibi
893 2479 928 2564 in
944 2476 1077 2564 eodem
1099 2475 1311 2566 molendino
1331 2477 1460 2564 rotbas
1482 2477 1577 2566 duas
1599 2479 1786 2593 edificare.
1809 2479 1866 2568 De
1881 2509 1956 2597 quo

338 2593 486 2712 quidem
516 2591 728 2683 molendino
759 2595 854 2682 duas
886 2625 1035 2684 mareas
1065 2592 1300 2682 denariorum
1332 2595 1611 2686 tborunensium
1632 2627 1716 2684 cum
1736 2595 1795 2684 illa
1816 2629 1957 2706 marco,

236 2737 238 2744 ⁴
339 2744 449 2832 quam
486 2745 532 2811 ex
567 2713 764 2836 priuilegio
799 2715 902 2832 prius
930 2745 1044 2832 super
1071 2712 1168 2805 idem
1199 2711 1451 2802 molendinum
1478 2744 1546 2828 per
1575 2744 1645 2802 nos
1667 2713 1736 2804 sibi
1758 2715 1850 2802 dare
1872 2717 1954 2828 (sie)
1984 2769 1991 2779 ,

338 2833 486 2934 soluere
507 2847 672 2938 tenetur,
705 2833 857 2921 racione
878 2863 1017 2920 census
1038 2829 1147 2922 nobis
1176 2847 1213 2922 et
1242 2833 1379 2920 nostris
1409 2833 1696 2945 successoribus
1717 2835 1752 2920 in
1773 2833 1957 2923 dominica

340 2953 537 3056 inuocauit,
560 2951 717 3070 singulis
739 2951 847 3040 annis
868 2951 1034 3070 soluere,
1060 2951 1204 3067 piscina
1224 2981 1317 3042 vero
1334 2949 1500 3040 eiusdem
1518 2949 1716 3039 molendini
1744 2943 1820 3042 non
1846 2953 1959 3043 debet

234 3179 236 3186 Ι
338 3071 498 3162 transire
519 3073 554 3158 in
575 3101 755 3161 mensam.
816 3069 906 3186 ltem
939 3073 975 3175 ip
997 3071 1140 3186 piscina
1161 3067 1292 3158 eadem
1323 3077 1394 3158 nos*
1416 3086 1452 3158 et
1481 3068 1578 3158 idem
1600 3071 1780 3160 scultetus
1800 3073 1958 3192 pisoubi·

339 3216 421 3285 mur
444 3220 522 3308 per
557 3203 729 3296 nostros,
761 3205 798 3276 et
828 3189 909 3306 ipse
937 3219 1004 3308 per
1033 3221 1125 3278 suos
1147 3190 1391 3308 piscatloresl,
1415 3191 1595 3310 quociens
1616 3205 1653 3276 et
1674 3189 1824 3312 quando
1849 3193 1958 3282 nobis

338 3307 447 3398 luerit
475 3323 709 3428 oportunum.
768 3307 816 3396 lu
847 3310 951 3398 ouius
979 3309 1033 3398 rei
1063 3309 1324 3415 testimonium
1343 3323 1537 3424 presentes
1559 3307 1629 3396 sibi
1650 3307 1833 3424 dedimus,
1854 3310 1958 3428 sigit-

340 3429 459 3515 lorum
485 3429 604 3514 nostri
634 3444 670 3516 et
706 3425 854 3544 capituli
887 3429 1003 3518 nostri
1039 3445 1094 3548 ρ’.
1117 3467 1160 3514 ..·
1196 3428 1393 3516 monimine
1429 3427 1639 3522 roboratos.
1662 3427 1799 3518 Datum
1820 3430 1855 3517 in
1877 3435 1956 3516 Ka·

340 3549 422 3633 erio
449 3541 526 3657 (³),
558 3545 718 3636 sabbato
749 3563 834 3634 ante
855 3547 1077 3634 dominicam
1098 3543 1269 3663 lju)dica,
1300 3575 1399 3634 auno
1421 3545 1558 3636 domini
1580 3553 1679 3636 1321.
1711 3547 1958 3638 Prosentibus

340 3665 512 3754 iratribus
529 3667 677 3768 nostris,
693 3663 861 3754 dominis:
878 3664 1087 3754 Bod'zacba
1104 3666 1186 3779 (sic)
1204 3664 1350 3754 decano
1372 3667 1617 3772 cracouiensi,
1638 3665 1779 3758 lllathia
1800 3667 1960 3772 decano,

341 3781 496 3900 Alberto
518 3784 738 3900 scolastico,
761 3783 1154 3892 Wladislauieusibus;
1186 3782 1372 3874 Pribislao
1393 3801 1548 3874 cantore
1569 3784 1801 3877 oruslioiensi
1821 3800 1857 3874 et
1879 3787 1959 3876 Go-
2021 3889 2030 3910 κ

219 3945 225 3962 ·
343 3897 493 3993 szczina
515 3903 677 4022 plebano
699 3973 708 3992 .
730 3971 739 3994 .
761 3971 770 3990 .
792 3971 801 3992 .
823 3904 1008 3994 canonico
1032 3903 1348 3996 Wledislauiensi.
1408 3901 1456 3994 Et
1477 3903 1609 3993 demus
1632 3903 1751 3996 eidem
1779 3903 1958 3992 molendi·
2063 3913 2069 3922 '

341 4021 463 4112 notoni
478 4037 592 4110 totum
609 4054 742 4142 agrum
759 4025 942 4114 colentem
959 4023 1040 4138 (sio)
1059 4023 1159 4112 circa
1175 4019 1424 4134 molendinum
1446 4023 1646 4142 iacentem,
1662 4021 1820 4138 pacifice
1832 4023 1960 4116 colere

343 4153 381 4266 et
400 4155 547 4264 pratum
568 4139 799 4232 falcastrum.

442 4339 553 4428 (epm
568 4325 727 4426 orobetppo
740 4341 969 4406 membranaceo
984 4339 1122 4406 tabularii
1136 4321 1256 4427 capituli
1272 4339 1539 4410 Wlodislauiensis.
1561 4337 1698 4428 Sigillum
1719 4339 1811 4409 deest
1829 4411 1835 4420 ,Ἴ
1845 4342 1956 4410 Litera·

343 4447 410 4496 nun
425 4428 531 4497 ductus
545 4443 650 4512 parum
665 4426 904 4502 accuratissimo
918 4425 1123 4510 negligentior.
1138 4447 1229 4514 quom
1245 4426 1276 4494 iu
1288 4426 1402 4494 tabulis
1411 4426 1500 4513 brius
1513 4429 1620 4494 aetatis
1635 4427 1724 4514 vulgo
1735 4427 1878 4507 cernitur,
1894 4436 1960 4499 tu

343 4513 501 4581 verborum
516 4511 691 4598 compositio
705 4508 796 4628 hujus
811 4509 930 4607 tabulae
951 4517 1071 4576 movent
1092 4533 1157 4598 nos,
1179 4518 1213 4577 ut
1226 4511 1302 4578 hane
1321 4511 1453 4578 tabulam
1476 4510 1576 4600 aliqua
1592 4533 1630 4578 ex
1644 4521 1727 4598 parte
1746 4513 1878 4600 spuriam
1890 4534 1957 4580 esso

209 4653 212 4663 .
344 4598 510 4666 credamus.

445 4684 477 4768 (²)
496 4679 636 4758 Culmum,
645 4679 779 4766 polonice
788 4679 935 4756 Clelmza,
948 4679 1092 4770 oppidum
1104 4689 1134 4746 ot
1143 4679 1287 4768 Mlyrriec
1298 4681 1366 4746 villu
1377 4681 1511 4766 regionis
1521 4683 1715 4764 Torunensis,
1726 4682 1883 4772 parochiae
1890 4683 1960 4752 Gie-

344 4765 686 4854 cbooinensierlym‘ec
700 4766 767 4831 uilla
782 4767 835 4860 sita
851 4766 888 4832 ad
901 4765 1218 4867 llfflm.L“l⁰,¹⁶'¹l⁰“².
1234 4765 1285 4854 qui
1300 4785 1360 4831 non
1448 4767 1482 4866 ul·
1494 4768 1530 4833 ab
1546 4787 1580 4833 ea
1596 4767 1662 4848 pilio
1677 4767 1836 4849 muscam
1852 4767 1958 4843 inlluit

346 4861 392 4920 est
405 4869 525 4952 quoque
541 4853 597 4918 alia
612 4853 678 4918 ville
692 4850 835 4939 ilipulae,
850 4873 887 4918 ex
901 4859 1038 4939 opposito
1052 4851 1129 4918 illius
1140 4859 1194 4917 sito
1210 4873 1241 4917 ιιι
1255 4853 1371 4938 Regno·
1423 4851 1531 4928 ioniae,
1546 4873 1640 4940 quum
1655 4853 1736 4940 prior
1751 4862 1797 4922 est
1807 4854 1837 4920 iu
1852 4855 1960 4942 Regno

347 4939 684 5109 boruspapmynioe
697 5021 764 5088 villo
780 5021 920 5090 territorii
934 5021 1137 5108 coloniensis,
1151 5022 1282 5110 regionis
1297 5017 1368 5090 vero
1381 5013 1557 5092 brustemio.
