4878 5942
1112 671 1383 746 -314-

434 873 640 962 libertotet·
654 901 729 991 qua
750 870 882 988 elapsa
904 870 1013 958 uobis
1034 887 1071 958 et
1086 873 1231 958 nostris
1245 869 1544 958 ¹successoribus
1564 869 1781 987 perdecem
1799 897 1963 986 grossos
1979 900 2063 989 pra·

432 1023 598 1114 genses,
630 991 785 1107 racione
806 1019 962 1092 census,
993 987 1042 1074 de
1064 988 1230 1106 quolibet
1250 1019 1384 1077 manso
1404 989 1440 1074 in
1461 989 1559 1076 lesto
1579 985 1849 1075 beotilllartioi
1865 988 1974 1086 annis
1990 989 2062 1076 sio·

432 1111 552 1230 gulis,
584 1121 622 1196 et
652 1137 764 1194 unum
795 1136 1053 1225 porcumpro
1082 1106 1205 1194 media
1232 1137 1361 1195 marco
1389 1105 1541 1220 soluere
1571 1106 1809 1210 tenebuntur,
1840 1117 1877 1192 et
1908 1107 1945 1192 io
1964 1107 2062 1193 lesto

432 1225 708 1344 assumptionis
728 1225 840 1312 beate
860 1223 982 1311 Marie
1004 1255 1072 1344 per
1092 1223 1190 1312 duos
1211 1224 1353 1342 pullos,
1384 1239 1422 1312 et
1441 1254 1553 1336 unum
1573 1225 1746 1328 arietem,
1777 1221 1899 1310 incole
1915 1223 2062 1341 predic

432 1349 458 1433 ti
494 1359 534 1430 ut
570 1344 789 1461 premittitur
823 1344 933 1428 aonis'
967 1343 1125 1461 singulis
1155 1343 1305 1430 soluere
1334 1344 1407 1431 sint
1435 1343 1595 1448 astricti;
1629 1371 1740 1460 quem
1774 1369 1929 1427 censum
1961 1340 2060 1428 idem

345 1561 348 1568 Δ
380 1491 384 1500 ·
432 1463 657 1565 scolthetus,
680 1476 716 1547 et
737 1463 861 1548 omnia
882 1461 954 1547 alia
970 1462 1055 1578 jora
1078 1459 1127 1546 ad
1149 1490 1220 1547 nos
1243 1461 1481 1577 pertinencia,
1503 1461 1630 1578 exiget
1650 1474 1687 1546 et
1707 1457 1862 1576 colliget
1883 1458 1992 1544 nobis
2023 1471 2062 1544 et

431 1582 571 1669 nostris
592 1577 910 1678 [successoribus]
932 1579 1163 1697 integraliter
1183 1579 1427 1695 presentabit.
1487 1575 1676 1664 ludicabit
1707 1589 1832 1662 autem
1853 1575 2062 1664 scolthetus

432 1698 622 1819 predictus
643 1709 680 1781 et
701 1699 758 1782 sui
780 1697 920 1812 posteri
942 1726 1073 1796 omnes
1095 1725 1235 1783 causas
1257 1726 1411 1812 parwas
1427 1709 1464 1782 et
1486 1725 1660 1813 magnas,
1682 1695 1777 1780 inlra
1799 1694 1976 1780 terminos
1997 1694 2063 1805 be·

274 1873 280 1884 =
363 1859 366 1864 Δ
432 1815 599 1904 reditatis
626 1813 793 1932 predicte
814 1815 1087 1930 contingentes.
1120 1813 1177 1900 De
1190 1813 1368 1930 judicatis
1389 1845 1461 1902 nos
1478 1811 1576 1900 duos
1593 1811 1781 1916 denarios,
1803 1825 1840 1898 et
1855 1811 2063 1899 scolthetus

431 1935 599 2050 prelatus
615 1961 699 2017 cum
716 1932 794 2016 suis
812 1933 973 2047 posteris
989 1933 1145 2018 tercium
1161 1933 1399 2047 recipiemus.
1431 1932 1590 2047 Insuper
1605 1931 1642 2017 in
1659 1929 1792 2016 eadem
1809 1928 1894 2016 villa
1912 1945 1988 2018 tres
2006 1944 2063 2015 ta·

433 2055 549 2138 berne
570 2048 803 2148 locabuntur,
821 2077 893 2134 una
915 2047 965 2134 ad
986 2063 1155 2136 nostrum
1172 2047 1385 2154 dominium,
1407 2065 1444 2136 et
1459 2049 1628 2136 secunda
1645 2047 1695 2133 ad
1712 2046 1869 2164 plebem,
1891 2061 1928 2132 et
1946 2049 2063 2134 tercia

431 2168 482 2255 ad
503 2167 640 2253 dictum
662 2165 883 2252 scoltbetom
905 2179 1088 2282 perpetuo
1109 2181 1323 2284 respectum
1339 2167 1541 2254 habebunt.
1575 2165 1719 2253 Damus
1735 2177 1858 2252 autem
1875 2164 2063 2252 scoltheto
2127 2169 2131 2174 ’
2261 2185 2264 2192 ’

432 2285 603 2403 predicto
624 2297 660 2369 et
681 2284 758 2369 suis
780 2283 960 2398 posteris¹
976 2283 1011 2368 in
1034 2282 1199 2401 quolibet
1220 2284 1323 2388 lacu,
1344 2284 1394 2372 ad
1418 2289 1547 2378 Clotoo
1569 2286 1796 2403 pertinente,
1827 2311 1911 2367 cum
1943 2281 2078 2368 tribus,

432 2402 655 2522 golgustrijs
669 2501 673 2510 Ι
687 2401 827 2518 quartis
860 2413 898 2486 et
923 2399 1040 2488 sextis
1062 2402 1162 2518 lerijs
1184 2402 1342 2520 piscari,
1375 2433 1448 2522 que
1468 2401 1681 2522 golgustria
1701 2433 1920 2488 wooozerze
1940 2400 2062 2519 wlga-

431 2523 522 2608 riter
541 2533 812 2634 nuncupantur.
874 2517 1056 2605 Preterea
1085 2519 1207 2606 incole
1237 2520 1429 2608 memorati
1463 2519 1572 2608 nobis
1614 2535 1651 2607 et
1677 2520 1816 2606 nostris
1857 2548 2060 2604 successo·
2126 2593 2134 2608 ,

432 2639 534 2725 ribus
549 2650 604 2723 ter
624 2637 672 2722 ad
695 2635 892 2750 yeminalia
906 2635 1000 2748 (sio),
1017 2651 1052 2723 et
1065 2636 1181 2725 semel
1197 2636 1247 2724 ad
1268 2637 1448 2743 estiualia‚
1470 2667 1593 2744 arare,
1618 2639 1863 2726 seminareet
1878 2637 2061 2753 arpioare,

431 2785 480 2843 cc
508 2753 595 2840 lena
623 2767 756 2842 nostra
789 2753 929 2840 laloare
961 2768 1000 2840 et
1035 2755 1227 2842 cumulare
1247 2757 1378 2844 -annis
1412 2756 1573 2874 singulis
1609 2755 1842 2843 tenebuntur.
1903 2753 1990 2839 lnsu
2020 2783 2062 2838 er

432 2871 641 2960 scolthetus
662 2873 828 2988 prelatos
850 2885 888 2959 et
907 2873 965 2960 sui
987 2875 1130 2989 posteri
1150 2873 1393 2960 scoltbeoiam
1414 2873 1573 2960 eandem
1596 2873 1683 2960 nulli
1704 2869 1870 2959 vendere
1890 2886 1956 2958 out
1971 2783 2061 2958 obli-

432 3019 528 3109 gore
548 2991 586 3074 in
606 3002 713 3105 parte
735 2989 795 3077 vel
816 2991 852 3076 in
873 3001 952 3076 toto
973 3003 1209 3107 presumant,
1241 2991 1312 3076 nisi
1343 2993 1387 3094 ei,
1408 2991 1459 3076 ad
1508 3021 1590 3077 uem
1613 3005 1742 3078 noster
1763 3019 1975 3102 consensus
1995 3017 2060 3075 ac-

433 3107 592 3195 cesserit
614 3107 807 3224 ·specialis.
869 3107 1076 3194 Statuimus
1112 3109 1248 3214 eciam,
1290 3108 1392 3226 q'uod
1424 3021 1632 3196 scolthetus
1662 3106 1853 3226 predictus
1883 3124 1921 3194 et
1941 3107 2061 3194 incolo

431 3225 628 3312 memorati
667 3225 704 3310 in
734 3226 818 3342 ipsa
847 3225 934 3310 villa
955 3255 1003 3311 err
1023 3226 1312 3343 speciali'pacto
1333 3225 1498 3314 debeant
1517 3225 1767 3344 personaliter
1801 3224 1991 3332 residere3
2024 3240 2061 3311 et
2106 3260 2109 3266 ¹

432 3345 488 3430 six
525 3343 680 3458 uispiam
710 3343 879 3457 ipsorum
907 3341 983 3430 boc
1012 3357 1313 3460 contempneret,
1344 3359 1381 3431 et
1409 3345 1446 3430 in
1475 3345 1609 3432 eadem
1639 3343 1724 3436 villa
1752 3347 1828 3430 noir
1863 3342 2059 3444 resideret,

433 3375 642 3547 scolthetus
663 3460 886 3566 scoltbecia,
916 3478 954 3547 et
973 3460 1130 3548 villanus
1150 3491 1301 3566 manso,
1332 3477 1368 3550 et
1388 3461 1569 3582 quidquid
1599 3460 1736 3549 mobile
1756 3461 1805 3547 ibi
1827 3459 1988 3565 babebit,
2011 3489 2060 3546 co

432 3577 533 3665 lacto
564 3577 777 3664 omnimodo
806 3578 854 3662 sit
881 3579 1062 3694 privatus.
1123 3580 1306 3669 Preterea
1335 3579 1457 3668 incole
1486 3579 1679 3667 memorati
1708 3579 1818 3692 nobis
1848 3593 1885 3666 et
1915 3577 2061 3666 nostris

432 3694 724 3782 successoribus
744 3695 930 3799 honores,
951 3697 1179 3812 peticiones,
1201 3701 1303 3783 iuxta
1324 3698 1632 3786 consuetudinem
1648 3697 1817 3783 uillarum
1834 3709 2059 3800 nostrorum,

433 3825 472 3900 et
492 3811 654 3899 seruicia
684 3811 920 3900 exhibebunt.
981 3813 1185 3901 Tenebitur
1212 3830 1337 3901 autem
1366 3815 1572 3903 scolthetus
1599 3813 1792 3933 predictos
1814 3815 1907 3901 'cum
1928 3811 2059 3900 incolis
2203 3863 2208 3870 .

433 3931 651 4018 memoretis
670 3946 840 4017 nostrum
861 3932 1035 4018 nuncium
1056 3947 1305 4050 motquartum
1327 3945 1384 4019 ter
1403 3935 1439 4019 in
1461 3962 1560 4020 anno
1580 3934 1752 4048 recipere
1766 3929 1816 4018 ad
1834 3931 2058 4050 colloquium

433 4043 652 4165 generalem
673 4048 773 4158 (sic):
806 4077 876 4164 pro
898 4051 1004 4135 cuius
1026 4047 1193 4136 aduentu
1214 4049 1421 4139 scolthetus
1442 4081 1576 4158 unum,
1607 4067 1644 4138 et
1665 4049 1787 4136 incole
1817 4050 1949 4167 prelati
1982 4045 2058 4134 duo

433 4163 594 4281 prandia
633 4166 902 4254 ministrabunt.
954 4166 996 4252 ln
1017 4167 1124 4255 cuius
1145 4169 1200 4254 rei
1230 4169 1497 4271 testimonium,
1528 4183 1697 4256 nostrum
1718 4167 1878 4286 sigillum
1899 4181 1937 4253 et
1956 4166 2059 4282 capi-

364 4361 368 4378 ,
433 4282 500 4368 tuli
521 4282 639 4370 nostri
666 4283 998 4390 wladislaoiensis,
1029 4284 1078 4372 de
1111 4315 1269 4405 quorum
1300 4287 1461 4373 unanimi
1490 4287 1681 4375 volontate
1702 4299 1739 4370 et
1753 4289 1951 4371 ¹consensu
1971 4311 2059 4401 pre·

432 4401 576 4516 scripta
604 4415 692 4487 sunt
716 4401 836 4504 lacta,
868 4401 1106 4519 presentibus
1139 4418 1226 4492 sunt
1253 4428 1436 4522 appensa.
1497 4402 1634 4490 Actum
1662 4415 1700 4488 et
1730 4400 1855 4489 datum
1876 4409 2061 4502 Roczens,

432 4517 518 4630 ipso
539 4513 599 4602 die
620 4518 913 4606 circumcisionis
935 4518 1085 4624 domini,
1115 4549 1217 4608 anno
1239 4520 1405 4607 eiusdem
1428 4520 1621 4608 millesimo
1642 4519 1786 4607 CCC*lo
1801 4517 1832 4606 L
1848 4518 1901 4605 X⁰
1921 4519 2060 4635 quinto.

432 4631 681 4720 Prosentibus
712 4635 995 4723 honorabilibus
1025 4653 1061 4724 et
1089 4637 1263 4726 discretis
1291 4639 1399 4743 uiris,
1432 4638 1601 4725 dominis:
1623 4636 1814 4724 Staoislao
1843 4635 2060 4740 scolastico,

409 4743 1298 4863 ⁸Tbeoldrico(sic)cantore,wladislauiensibus;
1310 4753 1504 4874 Stephano
1518 4755 1679 4844 custode
1690 4753 1933 4842 orusuioiensi
1944 4765 1980 4838 et
1992 4780 2065 4860 oa<
