4878 5942
1079 747 1252 822 -317
1313 783 1354 800 -

403 977 534 1038 omnes
556 975 697 1036 causas
718 971 859 1065 paruas
879 957 918 1033 et
937 974 1115 1064 magnas,
1148 948 1240 1034 inire
1262 947 1441 1032 terminos
1458 946 1625 1034 eiusdem
1646 945 1863 1036 hereditatis
1885 948 2028 1036 contin·

399 1079 557 1186 gentes,
587 1079 720 1182 nostro
741 1077 779 1152 et
798 1090 1065 1153 successorum
1087 1079 1302 1154 nostrorum
1323 1065 1484 1150 nunccio
1504 1065 1675 1184 generali
1694 1060 1754 1152 uel
1770 1066 1925 1182 speciali
1968 1096 2029 1155 ra·
2112 1097 2117 1104 ·
2149 1147 2161 1168 ,

400 1195 518 1276 sente.
564 1175 635 1280 Dav
658 1183 830 1270 iudicatis
857 1193 981 1268 autern
1011 1197 1049 1269 et
1071 1183 1294 1298 juramentis
1334 1211 1405 1268 nos
1435 1175 1472 1268 cl
1502 1183 1622 1272 nostri
1650 1212 1901 1270 successores
1928 1096 2028 1274 dbos

399 1301 594 1407 denarios,
625 1301 806 1388 scultetus
837 1299 924 1418 ipse
946 1325 1030 1386 curn
1060 1301 1139 1414 suis
1169 1298 1334 1418 posteris
1361 1301 1514 1388 tercium
1534 1302 1770 1419 recipiemus.
1821 1299 2029 1391 Statuimus'

398 1420 537 1524 eciam,
568 1417 670 1537 quod
691 1417 872 1514 scultetus
894 1419 976 1537 ipse
997 1447 1082 1506 oum
1103 1419 1184 1506 suis
1205 1417 1388 1534 posteris,
1420 1433 1456 1506 et
1486 1417 1608 1505 incole
1635 1417 1719 1506 ville
1749 1419 1865 1536 ipsius
1886 1448 2026 1536 procu-

398 1551 562 1625 ratorem
591 1552 758 1644 nostrum
789 1551 827 1624 at
855 1549 1069 1624 nostrorum
1100 1564 1368 1624 successorum
1398 1548 1456 1636 ter
1484 1535 1519 1624 in
1548 1567 1648 1624 anno
1669 1537 1851 1652 recipiant
1891 1535 1940 1622 ad
1969 1537 2031 1624 la-‘

397 1653 568 1742 ciendum
590 1654 816 1774 colloquium
837 1653 1034 1773 generale,
1056 1683 1140 1740 oum
1162 1683 1232 1741 sna
1253 1651 1465 1761 [comitiva];
1481 1652 1669 1742 scultetus.
1683 1685 1795 1741 unum
1815 1653 2026 1772 prandium,

397 1787 435 1861 et
453 1773 578 1862 incole
601 1772 679 1859 duo
700 1771 958 1860 condecenter
978 1771 1258 1875 ministrabunt,
1280 1771 1340 1866 vel
1362 1801 1432 1890 pro
1452 1773 1619 1891 quolibet
1638 1771 1799 1888 prandio
1819 1801 1931 1860 unum
1952 1773 2024 1860 ler-

396 1903 522 1980 tonem
552 1889 694 1978 usualis
724 1903 874 1978 monete
902 1891 1054 1978 soluere
1083 1891 1158 1978 sint
1186 1889 1337 1978 astricti.
1386 1890 1571 1980 Preterea
1601 1891 1720 1978 eciam
1741 1888 1921 1978 scultetus
1942 1891 2025 2004 ipse

396 2038 482 2094 cum
502 2009 583 2096 suis
603 2009 788 2126 posteris,
820 2023 857 2096 et
883 2007 1007 2096 incole
1035 2007 1120 2096 ville
1149 2007 1337 2127 predicte,
1367 2039 1415 2096 ex
1435 2009 1591 2128 speciali
1611 2023 1745 2126 paeto,
1775 2009 1812 2094 in
1833 2008 1916 2124 ipsa
1937 2007 2024 2096 villa

396 2124 560 2230 debeant
587 2125 838 2245 personaliter
864 2125 1050 2234 residere3
1082 2127 1171 2215 etsi
1200 2126 1385 2246 quispiam
1410 2157 1455 2214 se
1476 2127 1656 2215 iacturum
1678 2126 1754 2214 boo
1774 2139 2023 2241 contempnet,
2072 2199 2077 2209 .

395 2255 435 2329 et
463 2245 499 2330 r'n
529 2243 629 2332 dicta
657 2245 744 2332 villa
772 2274 847 2332 non
878 2243 1076 2348 residebit,
1108 2245 1291 2336 scultetus
1320 2244 1521 2350 scultecia,
1552 2257 1589 2334 et
1619 2243 1777 2332 villanus
1798 2273 1954 2346 manso,
1985 2254 2024 2330 et

396 2361 577 2481 quidquid
598 2363 784 2450 immobile
804 2363 853 2448 ibi
874 2361 1045 2468 babebit,
1076 2363 1165 2479 ipso
1181 2363 1283 2448 lacto
1304 2361 1517 2449 omnimode
1537 2362 1586 2450 sit
1605 2363 1784 2478 priuatus.
1831 2358 2023 2477 Quodque

381 2479 517 2568 nullus
543 2479 703 2568 villanus
733 2479 829 2596 plus,
860 2509 971 2597 quam
993 2509 1106 2565 unum
1128 2507 1298 2566 mansum
1321 2479 1456 2564 ibidem
1478 2477 1618 2566 debeat
1637 2478 1824 2583 obtinere,
1855 2493 1902 2564 et
1918 2477 2033 2594 quod-

394 2599 514 2684 eoiam
535 2595 716 2686 scultetus
736 2597 974 2701 sculteciam,
1004 2610 1044 2682 et
1062 2597 1221 2684 villanus
1242 2624 1414 2682 mansum
1445 2595 1532 2682 nulli
1561 2594 1728 2682 vendere
1753 2609 1818 2680 aut
1838 2593 1912 2680 obli
1933 2614 2021 2700 are,
2102 2695 2105 2700 Δ

393 2715 429 2802 in
450 2729 558 2834 parte
578 2715 639 2802 uel
660 2715 696 2801 in
718 2728 816 2821 toto,
846 2729 1086 2832 presumant,
1104 2711 1186 2801 nisi
1208 2745 1318 2832 quern
1340 2743 1413 2801 nos
1434 2727 1473 2799 et
1492 2712 1611 2800 nostri
1632 2740 1881 2801 successores
1901 2624 2021 2798 duxe-
2085 2705 2104 2784 ι’

392 2833 510 2922 rimus
529 2832 809 2922 admittendum.
853 2833 1013 2952 lnsuper
1032 2833 1065 2919 si
1085 2861 1158 2921 nos
1178 2833 1237 2919 vel
1258 2845 1412 2920 nostros
1439 2859 1690 2918 successores
1720 2828 1908 2918 aduersus
1927 2857 2021 2916 eun·

393 2949 479 3039 dem
500 2950 696 3040 scultetum
717 2951 779 3038 uel
799 2981 893 3039 suos
913 2963 1090 3068 posteros
1116 2949 1256 3070 aliquid
1277 2979 1397 3070 agere
1418 2948 1478 3036 uel
1500 2947 1689 3068 querulari
1709 2948 1919 3064 contingat,
1950 2947 2020 3062 ipsi
2068 3033 2071 3044 ,

392 3099 521 3156 coram
549 3071 659 3158 nobis
688 3101 757 3158 seu
787 3087 918 3158 nostro
950 3067 1009 3155 nel
1029 3099 1297 3156 successorum
1319 3083 1535 3155 nostrornm
1557 3065 1708 3184 judice,
1740 3063 1923 3184 quemad
1944 3063 2019 3154 boo

393 3215 575 3304 ponemus
615 3187 753 3276 ibidem
784 3187 947 3295 invilla,
962 3188 1050 3304 jure
1070 3187 1250 3274 Sredensi
1271 3183 1567 3304 respondebunt.
1618 3184 1777 3302 Insuper
1798 3181 1895 3268 idem
1917 3183 2018 3271 scul-

391 3319 489 3392 telus
510 3321 549 3393 et
568 3309 625 3394 sui
646 3306 788 3426 posteri
810 3321 848 3394 et
867 3305 988 3394 incole
1008 3303 1095 3392 ville
1116 3317 1322 3392 memorate
1353 3303 1463 3391 nobis
1492 3315 1530 3389 et
1562 3302 1700 3392 nostris
1728 3301 2018 3398 suecessoribus
2143 3405 2145 3408 ¹

391 3421 577 3530 bonores,
608 3425 815 3544 peticiones
847 3435 884 3511 et
913 3423 1093 3528 seruicia,
1125 3424 1225 3510 iuxta
1248 3419 1556 3510 consuetudinem
1577 3422 1732 3508 aliarum
1753 3418 1922 3508 villarum
1948 3447 2018 3506 no·

390 3554 552 3630 strarum
582 3557 712 3630 nostre
741 3541 960 3630 castellanie
989 3542 1267 3658 woyboriensis
1296 3541 1525 3642 locatarum,
1557 3535 1795 3628 exhibebunt
1846 3537 1889 3624 ln
1911 3537 2018 3626 auius

389 3661 445 3746 rei
474 3662 740 3763 testimonium,
772 3659 894 3780 sigilla
921 3672 1090 3747 nostrum
1122 3673 1161 3747 et
1187 3658 1338 3774 capituli
1367 3657 1686 3746 wladislauiensis
1715 3657 1833 3745 nostri
1854 3653 2017 3773 predicti
2177 3768 2181 3774 Α

388 3781 625 3894 presentibus
662 3793 750 3866 sunt
781 3807 963 3896 appensa.
1014 3779 1151 3866 Actum
1187 3792 1223 3864 et
1253 3777 1380 3866 datum
1401 3783 1588 3881 Roczons,
1614 3777 1652 3864 in
1672 3775 1801 3911 vigilia
1820 3773 2017 3861 beatorum

388 3895 493 3984 Petri
514 3911 552 3984 et
573 3896 681 3984 Pauli
702 3898 980 4013 apostolorum,
1012 3925 1112 3984 anno
1142 3893 1281 3982 domini
1310 3896 1505 3984 millesimo
1527 3909 1789 3982 trecentesimo
1809 3905 2015 4007 septuage-

355 4065 361 4070 -
388 4016 494 4101 simo.
535 4015 784 4102 Presentibus
804 4013 1087 4103 honorabilibus
1109 4029 1146 4100 et
1166 4013 1339 4101 discretis
1359 4015 1467 4118 viris,
1489 4011 1665 4099 dominis:
1695 4006 1911 4095 Theodrico
1927 4033 2014 4122 pre-

387 4134 513 4251 posito
534 4131 848 4236 wladislauiensi,
878 4133 1056 4220 lobanne
1075 4131 1357 4246 archidyacono
1379 4129 1621 4230 Dubrinensi,
1642 4123 1859 4214 Thomislao
1885 4139 2012 4212 custo-

387 4249 453 4354 de,
483 4246 645 4336 Nicolao
673 4247 722 4334 de
741 4253 965 4364 ‚Clrobram
996 4250 1154 4366 Segneo
1185 4247 1233 4334 de
1271 4254 1456 4360 Woyborz
1486 4244 1670 4363 plebano,
1702 4243 1895 4331 canonicis
1927 4271 2014 4328 cru·

387 4364 911 4473 sohwioiensibus,..lllartino
939 4382 978 4454 et
1003 4367 1184 4459 debanna
1210 4363 1414 4483 capellanis
1443 4364 1547 4451 curie
1576 4377 1722 4468 nostre,
1762 4390 1846 4448 cum
1877 4361 2016 4448 ceteris

386 4484 620 4620 bmdfflb
749 4555 754 4564 .
