4984 5930
841 1511 1395 1647 PRAEFATIO.

306 2021 421 2176 Quae
439 2083 656 2180 cupidissime
675 2085 918 2181 expetivimus,
937 2107 1090 2182 quaeque
1107 2087 1143 2158 in
1160 2083 1373 2180 praefatione
1387 2083 1469 2153 tomi
1482 2082 1581 2178 primi
1599 2085 1818 2180 concepimus
1835 2093 1931 2176 vota,

304 2209 420 2260 comm
440 2195 615 2282 compotes
635 2187 714 2259 lacti
735 2209 867 2276 sumus;
895 2190 994 2283 copia
1014 2190 1140 2259 etenim
1159 2184 1344 2258 tabulamm
1371 2182 1470 2256 uobis
1490 2181 1677 2258 oblatarum
1704 2189 1823 2258 iterum
1845 2185 1931 2258 adeo

304 2295 358 2359 cst
375 2295 485 2376 aucta,
512 2291 549 2358 ut
567 2287 763 2380 digerendis
782 2298 817 2360 ει
835 2291 870 2360 iu
888 2288 999 2360 lucem
1018 2287 1158 2362 edendis
1186 2297 1330 2382 quatuor
1346 2285 1407 2360 vel
1424 2285 1571 2380 quinque
1589 2285 1810 2384 sequentibus
1829 2289 1931 2360 tomis

268 2389 274 2400 '
303 2387 404 2461 facilc
422 2387 579 2460 sufficere
597 2393 717 2482 possit.

401 2487 500 2557 Varii
517 2491 607 2580 iique
624 2490 763 2558 maximi
780 2491 941 2560 momenti
960 2498 1038 2562 suut
1055 2489 1183 2580 fontes,
1210 2489 1329 2584 quibus
1347 2487 1452 2580 adjuti
1471 2511 1600 2578 sumus,
1627 2487 1727 2584 idque
1745 2507 1815 2562 uon
1831 2489 1930 2590 parvi

301 2585 494 2661 faciendum
511 2595 577 2676 est,
604 2586 694 2681 quod
710 2585 809 2659 uobis
828 2589 1041 2682 suppeditata
1059 2600 1137 2662 sunt
1155 2593 1336 2684 privilegia
1358 2611 1459 2662 unam
1483 2591 1692 2684 eandemque
1716 2591 1931 2686 provinciam

301 2691 495 2782 tangentia:
522 2689 657 2760 scilicet
681 2691 895 2782 provinciam
921 2686 1095 2760 Curnvmu
1121 2689 1254 2760 dictum.
1298 2691 1467 2762 Collectis
1495 2695 1608 2784 itaque
1634 2689 1757 2763 tabulis
1784 2689 1826 2762 ad
1844 2689 1931 2761 banc

300 2791 512 2886 provinciam
530 2787 775 2884 spectantibus,
802 2811 873 2860 nou
890 2787 1038 2860 alienum
1056 2811 1076 2860 a
1092 2792 1269 2882 proposito
1287 2797 1405 2860 nostro
1435 2811 1514 2862 esse
1539 2791 1709 2880 duximus,
1735 2793 1765 2861 si
1784 2811 1844 2860 eas
1862 2810 1930 2860 uno

300 2891 475 2964 volumine
506 2899 684 2962 contentas
716 2892 751 2960 in
768 2889 880 2961 lucem
906 2889 961 2960 edi
988 2892 1253 2962 curavissemus.
1296 2890 1459 2963 Attamen
1489 2911 1558 2962 nou
1577 2889 1687 2962 solum
1717 2891 1929 2986 provinciam

300 2988 542 3084 Cujavienscm
559 2993 733 3084 tangentia
751 2991 933 3085 privilegia
952 2991 987 3062 iu
1004 2989 1069 3060 boc
1087 2999 1179 3062 tomo
1199 2991 1290 3085 typis
1309 2990 1561 3089 descripsimus,
1580 3013 1722 3085 namque
1741 2993 1843 3062 etiam
1861 2989 1929 3061 do-

301 3103 458 3164 cumenta
476 3095 673 3186 provinciae
690 3091 922 3164 Masovieusis
931 3145 943 3182 ,
970 3089 1059 3162 unde
1076 3091 1192 3164 Duces
1211 3090 1442 3184 Cujavienses
1462 3115 1557 3164 suam
1584 3092 1718 3162 trahunt
1745 3094 1928 3184 originem,

300 3201 381 3264 tunc
398 3193 581 3288 privilegia
599 3197 759 3288 antiquae
777 3195 976 3288 provinciae
1000 3191 1248 3284 Lancicieusis,
1275 3195 1329 3263 cui
1348 3195 1462 3284 iidem,
1489 3197 1545 3288 qui
1564 3203 1599 3268 ει
1617 3190 1782 3284 Cujaviae
1799 3213 1928 3287 praec-

300 3303 376 3366 rant
400 3293 529 3383 Duces,
556 3315 659 3389 porro
686 3295 870 3389 privilegia
897 3317 917 3364 a
941 3291 1093 3365 Ducibus
1121 3293 1378 3388 Oracoviensis,
1405 3293 1692 3368 Sandomiriensis
1721 3294 1927 3388 aliarumque

301 3393 480 3466 Terramm
497 3395 664 3490 profecta,
689 3417 796 3488 eaque
813 3395 996 3490 Episcopis
1027 3391 1289 3486 Cujavieusibus
1308 3417 1371 3469 acu
1388 3393 1720 3469 Vladislaviensibus
1739 3393 1829 3484 data,
1860 3395 1927 3464 imo

300 3496 483 3590 privilegia
504 3495 635 3567 Ducum
657 3495 933 3585 Pomeranomm,
964 3517 1064 3589 quum
1081 3499 1106 3566 ii
1123 3494 1318 3569 obtinerent
1336 3501 1510 3593 imperium
1527 3497 1761 3583 Pemeraniae,
1788 3516 1874 3590 quae
1892 3496 1927 3565 in

301 3595 429 3667 ditione
446 3597 612 3692 spirituali
631 3595 824 3668 eorumdem
853 3595 1100 3692 Episcoporum
1130 3594 1384 3688 Cujaviensium
1403 3607 1495 3688 erat,
1530 3597 1586 3668 hic
1612 3597 1783 3692 complexi
1802 3615 1926 3668 sumus.

300 3693 468 3794 Volentes
488 3707 599 3768 autem
629 3697 867 3768 collectionem
897 3697 1157 3792 privilegiomm
1177 3695 1432 3790 Cujaviensium
1462 3701 1553 3771 omui
1572 3719 1711 3770 numero
1737 3695 1927 3769 absolutam

300 3797 496 3886 recensere,
505 3806 703 3890 argumenta
712 3801 857 3869 omnium
866 3796 1288 3890 documentorum,ucxum
1298 3803 1441 3898 aliquem
1450 3795 1873 3886 cumucstrishabentium,
1891 3799 1926 3868 iu

300 3899 376 3971 aliis
395 3898 553 3994 operibus
572 3901 671 3971 nobis
690 3901 838 3991 cognitis
858 3901 950 3994 typis
968 3899 1226 3995 descriptorum,
1240 3904 1428 3991 attulimus3
1446 3900 1590 3996 ideoque
1608 3903 1710 3972 ctiam
1727 3905 1926 3990 argumenta

299 3999 558 4094 privilegiorum
575 4003 683 4094 primo
703 4007 795 4071 tomo
813 4008 1051 4073 contentorum
1069 4001 1125 4072 hic
1143 4011 1221 4074 sunt
1239 4027 1259 4074 a
1276 4003 1376 4076 uobis
1395 4003 1539 4074 laudata.

401 4100 509 4186 Quum
526 4110 637 4171 autem
655 4100 742 4172 hanc
760 4099 803 4172 ob
821 4121 894 4172 rem
912 4123 1040 4173 summa
1057 4105 1295 4176 universorum
1308 4105 1584 4176 documentorum
1597 4099 1683 4170 adcc
1702 4099 1925 4186 accrevisset,

298 4208 336 4272 ut
353 4205 466 4270 omnia
482 4202 665 4295 privilegia
681 4203 741 4271 uni
758 4202 922 4272 volumini
940 4203 1046 4275 inseri
1063 4225 1132 4275 nou
1145 4213 1301 4297 possent,
1318 4205 1399 4276 hinc
1414 4203 1540 4274 iactum
1558 4209 1626 4290 est,
1638 4208 1676 4270 ut
1693 4207 1819 4270 tomum
1836 4197 1926 4270 huuc

300 4303 335 4372 iu
353 4299 435 4374 duas
454 4310 567 4396 partes
596 4300 751 4372 dividere
782 4322 992 4392 cogeremur.
1036 4301 1134 4373 Nunc
1152 4307 1187 4373 in
1204 4303 1315 4375 lucem
1333 4303 1461 4374 edimus
1488 4301 1576 4374 hauc
1600 4302 1749 4396 priorem
1778 4305 1924 4396 partem,

299 4423 397 4496 mam
413 4425 496 4474 mox
514 4411 672 4476 secutura
690 4409 839 4496 estpars
856 4405 1039 4496 posterior,
1066 4425 1152 4496 quae
1167 4405 1237 4494 jam
1253 4405 1384 4499 prelum
1404 4401 1516 4476 subiit.

398 4603 437 4675 ln
454 4601 657 4696 colligendis
675 4612 743 4674 tam
761 4603 912 4698 copiosis
930 4601 1080 4676 fontibus
1095 4602 1294 4696 adjuvamur
1307 4625 1371 4678 nos
1384 4605 1597 4700 potissimum
1609 4600 1822 4674 Veuceslaus
1839 4599 1920 4671 Ale·

298 4702 429 4781 sunder
445 4703 685 4796 Maciejowski
703 4713 803 4798 atque
821 4701 1004 4778 Gasimirus
1029 4703 1287 4800 Stroncuvrlski.
1325 4706 1451 4778 Eomm
1467 4709 1561 4800 prior
1577 4701 1806 4798 suppeditavit
1822 4698 1922 4773 uobis

300 4805 492 4902 apographa
511 4807 657 4880 omnium
674 4806 955 4902 privilegiorum,
982 4805 1025 4878 de
1042 4803 1162 4902 quibua
1179 4807 1217 4880 in
1233 4809 1326 4882 notis
1344 4811 1552 4880 mentionem
1570 4805 1725 4898 lecimus,
1751 4799 1870 4902 eadem
1887 4802 1923 4872 iu
