4876 5940
1016 729 1191 804 -183
1257 769 1292 782 -

336 929 463 1018 datum
483 931 649 1032 Stretnc,
670 959 772 1016 anuo
791 927 929 1048 dominj
951 927 1009 1018 Μο
1029 929 1147 1018 0οῢ
1167 944 1318 1034 octauo,
1338 929 1410 1018 Xi⁰
1429 928 1626 1020 Kalendas
1646 929 1748 1051 Maij,
1769 933 1971 1022 indictione

335 1063 454 1138 sexta.
512 1047 778 1137 Presentibus:
814 1050 928 1136 fratre
963 1047 1139 1138 debanna
1172 1048 1363 1169 quondam
1393 1051 1607 1168 preposito,
1642 1051 1755 1138 fratre
1784 1051 1970 1142 Fredrico

334 1169 459 1285 priore
479 1167 763 1272 strelnensibus,
779 1165 930 1254 domino
947 1164 1134 1256 Micheeie
1148 1167 1431 1285 archidyacono
1447 1167 1754 1277 wladislauiensi,
1771 1167 1970 1260 Waithero

335 1287 519 1374 canonico
546 1286 809 1389 crusuiciensi,
840 1285 1124 1374 Swenthomiro
1154 1303 1192 1375 et
1215 1286 1390 1376 dohanne
1416 1287 1494 1376 fito
1520 1287 1691 1408 Shegote
1716 1288 1906 1397 militibus,
1933 1305 1972 1376 et

336 1404 419 1521 aiijs
440 1433 551 1524 quam
572 1405 740 1523 plurimis
760 1402 836 1491 tide
856 1403 994 1524 diginis
1014 1405 1109 1517 (sic).

1095 1735 1208 1854 cut.

486 2005 824 2106 onocoetae,
851 2027 1008 2094 anno
1033 2005 1190 2094 1308
1215 2008 1310 2093 dte
1334 2003 1406 2092 31
1433 2009 1634 2094 morteto
1659 2009 1818 2116 Mon.

386 2207 696 2306 wlndtetaus
719 2208 898 2302 hebetet)
919 2211 1012 2288 teret
1031 2211 1130 2304 nent
1150 2209 1300 2286 roloniae
1322 2211 1454 2286 menide
1474 2212 1599 2288 conius
1619 2211 1769 2288 tumulti
1783 2211 1916 2306 mltdct

387 2307 580 2404 wodenis
601 2313 856 2386 remuneratum
891 2311 992 2387 ettam
1013 2311 1108 2388 rtttce
1128 2313 1341 2394 Bonam,
1367 2314 1496 2404 czotpin
1511 2316 1547 2388 et
1560 2313 1738 2384 Nakmooo
1753 2313 1854 2388 dont
1867 2313 1916 2406 (¹t

435 2528 478 2617 ln
506 2534 654 2621 nomine
681 2531 840 2639 domini,
871 2565 992 2622 amen.
1047 2531 1148 2620 Inter
1174 2535 1298 2624 charas
1327 2536 1434 2653 regie
1462 2533 1651 2654 dignitatis
1669 2537 1814 2631 daudes
1849 2539 1886 2626 in
1913 2543 1981 2632 eis.

336 2649 497 2740 clariore
516 2649 601 2740 luce
621 2652 824 2770 prefulget,
850 2652 937 2740 dum
958 2651 1133 2740 fidelibus
1153 2653 1232 2740 suis
1251 2669 1362 2772 grata
1384 2653 1525 2770 premia
1546 2683 1616 2772 pro
1636 2657 1756 2772 gratis
1777 2655 1970 2774 obsequiis

337 2769 553 2892 largiuntur.
612 2768 694 2858 Nos
715 2771 829 2891 igitur
852 2769 1103 2877 Wiadislaus,
1132 2771 1193 2859 dei
1213 2773 1345 2892 gracia
1365 2769 1454 2858 Dux
1477 2768 1683 2877 Cracouie,
1719 2769 1970 2882 Sandcmirie,

337 2885 518 3006 Syradie,
553 2885 764 3006 Lancycie‚
803 2887 991 3008 Cuyauie,
1026 2887 1277 2996 Pomoranie,
1312 2919 1508 2980 treverus
1543 2890 1655 2978 heres
1687 2891 1809 2978 tucius
1840 2889 1971 3013 Regni

335 3003 513 3110 polonie,
544 3023 669 3094 notum
691 3007 847 3095 iacimus
867 3009 1053 3126 uniuersis
1073 3024 1146 3097 tam
1168 3007 1406 3128 presentibus
1437 3039 1549 3128 quam
1575 3009 1724 3118 futuris,
1755 3027 1970 3127 presentem

335 3127 512 3244 paginam
538 3127 781 3246 inspecturis:
824 3127 942 3242 Quod
969 3125 1229 3218 desiderantes
1254 3129 1483 3248 premiorum
1512 3129 1820 3216 remuneracione
1845 3129 1970 3220 bonos

337 3242 487 3330 efficere
507 3245 702 3350 metiens,
733 3275 781 3332 ac
801 3246 993 3363 principaii
1014 3245 1271 3334 munificencia
1301 3246 1478 3334 virtuosis
1507 3247 1675 3334 virtutem
1702 3246 1854 3336 adicere
1874 3249 1970 3362 (sic);

336 3361 571 3452 attendentes
592 3365 717 3484 itaque
736 3363 860 3451 fidelia
882 3379 1069 3484 grataque
1089 3365 1289 3483 obsequia,
1317 3395 1391 3482 que
1411 3363 1532 3452 fidelis
1553 3377 1684 3453 noster
1702 3365 1820 3470 mites,
1838 3396 1970 3456 comes

336 3479 546 3570 Stanislaus
567 3483 752 3600 palatinus
774 3482 1035 3599 Cuyauiensis,
1060 3483 1170 3570 nohis
1190 3483 1437 3600 multipliciter
1457 3480 1673 3570 ethdehter
1692 3482 1856 3572 exhibuit
1875 3486 1969 3574 etin

336 3613 528 3718 posterum
550 3599 747 3704 exhibebit,
772 3603 966 3719 cupientes
986 3603 1107 3720 ipsum
1128 3599 1178 3688 ad
1201 3631 1348 3689 omnem
1368 3601 1597 3690 voluntatem
1618 3615 1785 3690 nostram
1806 3602 1970 3692 reddere

336 3720 630 3836 prompciorem,
651 3719 880 3808 hereditates
901 3733 1052 3808 nostrus
1072 3719 1195 3808 dictas
1214 3726 1444 3824 Bozenowo,
1472 3724 1660 3834 Czotpyno
1681 3735 1719 3810 et
1737 3725 1967 3824 Nakonouo,

321 3837 430 3930 ,sius
459 3836 615 3925 interra
647 3838 836 3954 Cuyauie,
867 3835 1022 3946 damus,
1054 3835 1235 3926 tradimus
1264 3853 1300 3927 et
1320 3839 1546 3927 conferimus
1567 3839 1656 3944 sibi,
1687 3839 1841 3957 suisque
1868 3839 1968 3927 veris

337 3951 539 4045 heredibus
569 3969 608 4044 et
632 3955 821 4078 legittimis
851 3957 1143 4046 successoribus
1172 3959 1252 4045 iure
1277 3956 1505 4046 hereditario
1537 3959 1572 4044 in
1600 3970 1818 4075 perpetuum
1843 3957 1967 4074 possi·

337 4070 504 4179 dendas,
535 4103 621 4160 cum
651 4077 825 4165 omnibus
854 4075 1070 4166 utilitatibus
1102 4091 1138 4164 et
1162 4077 1428 4194 prouentibus,
1458 4074 1633 4163 videlicet
1663 4075 1771 4163 terris
1798 4075 1906 4162 cultis
1931 4089 1969 4162 et

437 4355 476 4442 (¹)
504 4357 550 4424 Ex
565 4353 726 4444 archetypo
740 4357 971 4424 membranaceo
992 4359 1024 4424 in
1038 4357 1186 4425 tabidario
1204 4357 1325 4446 capituli
1345 4355 1608 4425 Wledislauiensis
1622 4365 1783 4424 amaranto.
1819 4357 1967 4426 Funictdo

337 4443 433 4509 scrico
447 4441 555 4509 coloris
571 4439 656 4508 rubri
672 4449 702 4509 ct
716 4441 785 4509 flevi
800 4461 966 4528 oppansum
981 4449 1028 4508 est
1040 4441 1110 4509 huic
1122 4443 1244 4511 tabutas
1257 4443 1387 4530 sigiihrm
1401 4443 1552 4508 maximae
1566 4441 1690 4520 formae,
1704 4441 1798 4528 vulgo
1808 4439 1967 4528 mejestati-

337 4545 407 4596 cum
428 4525 555 4605 dicmm,
580 4524 666 4612 cujus
686 4533 769 4596 rectu
789 4547 878 4614 pers*
918 4527 999 4594 nitius
1019 4527 1127 4594 deleto.
1165 4533 1387 4616 Argumentum
1407 4525 1497 4615 bujus
1518 4527 1637 4596 tebtdm
1652 4527 1787 4612 proxime
1802 4525 1916 4596 secedit
1928 4527 1969 4596 cd

337 4631 372 4680 or
445 4619 548 4678 entum
572 4609 693 4678 tabulae
714 4611 786 4678 enni
812 4611 871 4680 130
917 4612 971 4680 N'⁰
993 4611 1157 4680 cxcvtlt.
1182 4635 1212 4701 p.
1237 4613 1307 4690 rtur,
1327 4614 1460 4680 continet
1484 4614 1566 4694 enim
1587 4611 1780 4695 donationem
1802 4611 1968 4680 earundem

337 4695 366 4762 τ’
388 4715 475 4762 uum
490 4696 586 4764 eidem
602 4695 751 4764 Stenisiao
786 4695 897 4763 alotino
911 4695 1082 4782 Gujavieusi
1096 4695 1219 4778 sectam,
1239 4706 1340 4765 tamen
1356 4698 1456 4786 eliqua
1470 4719 1507 4764 ox
1521 4705 1606 4784 perte
1619 4697 1721 4764 tnbuh
1734 4695 1809 4765 heco
1822 4696 1909 4765 uhter
1922 4705 1969 4764 est
2068 4767 2077 4776 ,

337 4779 517 4866 mocrite,
538 4787 570 4849 ct
582 4801 663 4848 enno
676 4788 745 4868 post
758 4718 839 4848 diem
853 4781 933 4848 dete.
965 4783 1033 4850 Non
1048 4782 1209 4872 estiteque
1222 4783 1412 4852 heectubuh
1431 4782 1513 4852 eliud
1536 4781 1689 4872 exemptor
1709 4780 1788 4850 thius
1809 4781 1968 4862 medenda,

338 4863 468 4952 ideoque
482 4886 550 4933 eam
564 4866 641 4956 typis
655 4866 880 4934 exscribendam
894 4886 962 4935 eme
976 4866 1126 4936 duximus.
