4876 5940
1050 717 1327 792 ...105-

1047 997 1325 1118 CLXXXIV.

386 1267 946 1366 eunomiumne,
972 1287 1128 1354 anno
1154 1266 1313 1354 moa
1338 1271 1389 1356 e
1417 1267 1501 1369 eo
1528 1293 1597 1356 n.
1626 1239 1986 1376 seponere,

362 1431 586 1542 Jeennee
610 1469 694 1544 ttius
718 1468 849 1544 domitis
875 1469 951 1562 tupi
975 1469 1083 1543 ritten
1106 1471 1232 1560 Beryae
1258 1465 1541 1578 Benotdn‘tbtntl
1564 1473 1751 1548 nonasterii
1775 1449 1997 1566 minemo

501 1571 618 1645 ordinis
634 1571 853 1646 cistercienci
867 1589 973 1646 corun
988 1571 1119 1646 tnetbm
1133 1572 1280 1666 bajariae
1294 1573 1460 1648 nonum
1475 1578 1510 1648 et
1524 1573 1673 1649 terimre
1687 1575 1797 1650 rendt
1814 1579 1863 1664 (¹).

461 1795 504 1884 ln
525 1796 674 1884 nomine
696 1793 862 1897 Domini,
885 1796 1016 1884 Amen.
1066 1795 1231 1884 Provide
1252 1827 1299 1885 ac
1321 1795 1524 1916 prudenter
1544 1811 1653 1916 gesto
1676 1801 1884 1887 mortalium
1907 1834 1995 1922 que·

360 1911 450 2004 libet
470 1914 736 2032 disponuntur,
768 1913 855 2000 dum
878 1913 932 2019 id,
964 1913 1065 2028 quod
1087 1915 1232 2034 agitur,
1250 1919 1413 2035 -scriptis
1441 1931 1477 2002 et
1498 1917 1653 2004 testibus
1674 1921 1891 2005 auctenticis
1913 1921 1995 2032 (sic)

349 2032 574 2130 roboretur.
626 2027 709 2120 Nos
737 2033 849 2150 igitur
879 2031 1097 2120 Premislius
1126 2051 1162 2121 et
1192 2035 1403 2124 Xazimirus
1431 2033 1490 2120 dei
1517 2037 1648 2150 grecia
1676 2033 1805 2124 Duces
1828 2039 1996 2154 Cuyavie

360 2165 398 2238 et
417 2149 565 2237 Domini
588 2147 855 2257 Wladislavie,
883 2153 1066 2257 omnibus,
1087 2150 1136 2237 ad
1159 2182 1256 2270 quos
1277 2185 1436 2270 presens
1457 2156 1635 2274 scriptum
1658 2156 1869 2256 devenerit,
1891 2155 1995 2244 volu-

359 2299 443 2356 mus
473 2299 561 2357 esse
590 2283 737 2356 notum:
775 2269 878 2388 quod
907 2269 1123 2374 lohannes,
1157 2271 1253 2358 filius
1285 2273 1441 2359 Comitis
1472 2271 1587 2390 Lupi,
1616 2271 1805 2388 quondam
1837 2273 1995 2362 Palatini

358 2385 598 2488 Brescensis,
619 2417 703 2472 cum
725 2387 882 2474 consilio
904 2401 941 2476 et
962 2417 1152 2476 consensu
1174 2388 1298 2476 lretris
1320 2391 1377 2476 sui
1397 2391 1578 2489 Floriani,
1605 2407 1642 2476 et
1662 2391 1818 2476 aliorum
1840 2392 1993 2480 lratrum
2083 2465 2088 2483 .

358 2533 513 2592 suorum
523 2503 765 2620 patruelium,
796 2505 1025 2609 Scarbimiri,
1050 2503 1186 2592 ducobi
1208 2520 1245 2592 et
1265 2507 1454 2608 Staoizlai,
1476 2508 1598 2592 villam
1621 2537 1727 2593 suam
1749 2511 1784 2593 in
1807 2511 1994 2598 territorio
2062 2549 2073 2586 ι

357 2621 632 2742 Bydgostiensi
659 2623 788 2722 sitam,
818 2628 972 2734 Beryae
1000 2622 1137 2708 dictam
1159 2619 1236 2732 (²),
1267 2655 1340 2738 que
1368 2625 1487 2740 ipsum
1518 2637 1718 2738 apaterna
1747 2630 1993 2715 successione

358 2740 612 2858 contingebat,
634 2769 745 2857 quem
767 2740 868 2825 fratri
890 2736 1075 2826 Bertoldo
1097 2739 1234 2826 Abbati
1254 2739 1503 2855 Byssovieosi
1525 2739 1682 2828 Ordinis
1705 2743 1992 2858 CysterciensiS,

358 2871 395 2944 et
417 2859 498 2974 ejus
530 2850 846 2974 conventui‚'pr0
876 2859 1116 2976 septuaginta
1148 2859 1286 2946 marcis
1313 2857 1497 2948 vendidit:
1529 2858 1691 2944 exclusis
1712 2860 1901 2964 cornibus,
1930 2864 1992 2977 qui
2063 2951 2066 2965 ,

356 2975 507 3092 aliquod
538 2977 602 3093 jus
636 2975 685 3061 ad
716 2975 875 3061 eandem
913 2976 1053 3062 babere
1090 2975 1331 3080 videbantur,
1369 3007 1438 3094 spe
1459 2975 1746 3093 redempcionis
1778 2979 1991 3093 pecuniarie

356 3097 504 3212 penitus
525 3095 684 3211 abjecta:
710 3093 831 3209 ipsam
852 3124 937 3182 cum
959 3109 1039 3182 toto
1060 3093 1184 3196 durio,
1206 3097 1271 3213 qui
1291 3095 1486 3212 wlgariter
1507 3101 1616 3206 nora
1637 3109 1883 3213 nuncupatur,
1905 3126 1988 3187 cum

358 3213 469 3300 naulo
498 3226 536 3297 et
556 3214 761 3330 piscatura,
793 3243 877 3298 cum
899 3213 1071 3298 omnibus
1092 3243 1139 3298 ac
1160 3214 1318 3332 singulis
1340 3207 1553 3300 utilitatibus
1581 3226 1618 3295 et
1640 3209 1876 3328 pertinenciis
1898 3215 1989 3318 suis,

356 3329 531 3422 videlicet
551 3331 675 3450 agris,
708 3331 840 3449 pratis,
873 3331 996 3433 silvis,
1027 3332 1196 3448 pascuis,
1218 3332 1444 3438 nemoribus,
1466 3333 1623 3452 aliisque
1643 3333 1821 3419 fructibus
1841 3343 1880 3416 et
1899 3359 1989 3445 pro·

355 3449 547 3548 ventibus,
580 3479 653 3566 quc
677 3479 776 3535 nunc
796 3463 901 3554 sunt,
932 3465 996 3536 aut
1025 3453 1059 3535 in
1082 3451 1241 3536 loturum
1264 3451 1406 3568 emergi
1427 3463 1621 3566 poterunt:
1654 3447 1988 3566 secundum-‘qnod
2027 3489 2035 3498 ·

344 3579 415 3672 ,est
435 3567 469 3652 in
492 3567 570 3654 suis
593 3567 757 3653 terminis
779 3598 847 3652 seu
868 3562 1031 3684 gadibus
1052 3569 1252 3684 antiquitus
1274 3568 1443 3654 limitata:
1472 3571 1615 3686 prelato
1634 3569 1717 3679 (sic)
1739 3567 1864 3652 domui
1886 3567 1987 3682 Bys-

241 3739 244 3744 ·
355 3685 522 3772 seviensi
552 3697 590 3770 et
619 3685 818 3770 conventui
846 3683 1001 3772 lratrum
1032 3685 1187 3786 ibidem,
1217 3687 1303 3802 jure
1325 3685 1549 3774 hereditario
1571 3702 1754 3802 perpetuo
1777 3685 1987 3790 tenendam,

355 3799 589 3904 habendam,
621 3831 668 3888 ac
696 3804 814 3888 eciam
845 3801 1113 3918 possidendam
1136 3833 1263 3890 coram
1286 3803 1393 3890 nobis
1422 3818 1459 3889 et
1479 3805 1618 3892 nostris
1650 3803 1863 3889 Beronibus
1893 3804 1986 3888 resi-

354 3921 506 4038 gnavit·
557 3917 641 4006 Nos
677 3919 801 4037 itaque
837 3917 886 4007 de
921 3919 1019 4010 dicte
1052 3920 1186 4010 domus
1223 3921 1492 4037 Byssoviensis
1528 3935 1565 4007 et
1593 3923 1744 4007 lrotrum
1782 3917 1985 4006 eorundem

344 4247 347 4254 Ι
456 4170 496 4256 (¹)
524 4171 570 4236 Ex
586 4170 744 4256 archetypo
760 4171 1004 4248 membranaceo,
1025 4171 1105 4257 quod
1129 4171 1159 4235 in
1174 4169 1321 4234 tabulario
1335 4170 1548 4236 Posnaniensis
1563 4152 1731 4254 provinciae
1745 4167 1899 4253 privilegia
1914 4163 1984 4234 sub?

354 4257 482 4322 latorum
498 4253 713 4320 coenobiorum
728 4257 900 4322 continente
921 4265 1107 4332 asservatur,
1128 4255 1284 4339 descripsit
1303 4254 1493 4318 doctissimus
1515 4253 1735 4338 Strooczybsti
1771 4253 1850 4318 Huic
1865 4253 1985 4320 tabidae

354 4360 487 4492 :pperisti
503 4347 573 4488 spot
587 4337 648 4485 dtpo
662 4338 766 4422 sigilla,
781 4340 889 4404 horum
904 4359 999 4404 unum
1015 4339 1176 4404 admodum
1191 4339 1374 4403 destructum
1387 4337 1495 4422 pendet
1509 4337 1642 4404 laniculo
1656 4337 1752 4402 serico
1767 4337 1852 4402 rubei
1868 4335 1985 4416 eoloris,

413 4445 513 4490 ruma
535 4443 571 4487 ru
627 4443 666 4486 m.

455 4509 495 4592 (²)
523 4443 661 4592 Erinyn
675 4505 743 4571 ville
756 4505 897 4572 temltcrii
910 4504 1110 4581 Cu'aviensie,
1128 4504 1261 4590 regionis
1275 4525 1346 4572 vero
1360 4505 1536 4572 Breeteneis
1569 4503 1637 4572 ntia
1653 4504 1719 4570 nlla
1734 4504 1868 4572 e'usdem
1885 4506 1983 4571 norni-

354 4593 401 4658 nie
414 4601 461 4658 est
475 4593 505 4658 in
521 4593 562 4658 Μ.
571 4593 609 4657 Ι).
621 4590 816 4688 l’osneoiensi
834 4611 936 4658 versus
950 4527 1087 4687 dilesiem
1102 4591 1168 4656 siu:
1183 4589 1235 4656 sed
1250 4609 1287 4656 ex
1303 4591 1437 4674 proxime
1452 4591 1588 4688 sequemi
1603 4525 1848 4688 tabularidemus
1858 4589 1984 4656 Doroa

354 4697 422 4743 esse
435 4678 613 4744 hodiernum
628 4676 751 4741 llurrum
765 4675 904 4751 Bedese,
926 4697 977 4764 qur
993 4697 1062 4742 -oon
1077 4673 1178 4760 prend
1199 4673 1237 4739 eb
1256 4674 1332 4740 urbe
1354 4673 1512 4760 uydgorm
1533 4697 1565 4743 m
1584 4673 1731 4742 Vrstulem
1748 4674 1860 4751 rodunt,
1881 4682 1983 4762 utaque

355 4761 453 4828 vitlem
474 4761 626 4847 Bia-epo,
649 4761 687 4826 de
709 4781 769 4846 qun
790 4759 839 4826 bio
860 4781 876 4828 e
899 4761 974 4838 itur,
995 4759 1066 4826 huie
1086 4759 1176 4828 llario
1197 4757 1364 4857 adjacuisse
1386 4767 1518 4843 oportet,
1541 4759 1571 4824 in
1586 4759 1757 4847 propinquo
1770 4759 1937 4845 Bpeeeee'ee
1951 4768 1986 4822 ct

363 4845 478 4914 Wtetno
492 4847 589 4924 sitem,
604 4845 681 4912 elcut
694 4853 725 4910 et
738 4845 837 4912 vitlem
887 4847 1041 4918 oeeierodz
1054 4845 1085 4912 in
1100 4853 1238 4933 sequenti
1252 4843 1354 4910 obde
1367 4851 1584 4910 occurrentem·
