4896 5926
1039 741 1315 818 -153-

361 939 646 1030 danunctiamos
675 941 771 1054 (sic)
805 939 929 1032 villam
964 942 1093 1060 sepius
1123 941 1260 1031 dictam
1296 949 1549 1056 aporodtce,
1585 947 1786 1048 Poroocd,
1825 951 1989 1050 Powcss,

360 1063 519 1162 Strozo,
548 1063 738 1163 diostloe,
767 1057 994 1148 Castrorum
1014 1061 1151 1180 vigiliis
1171 1073 1210 1150 ct
1229 1060 1508 1165 munitionibus,
1535 1060 1854 1180 expeditionibus,
1885 1077 1922 1153 et
1942 1066 1993 1152 ab
2057 1068 2075 1146 t

359 1177 444 1294 alijs
463 1177 647 1266 universis
665 1177 835 1296 semicijs
856 1189 893 1264 et
910 1178 1169 1266 exactionibus
1189 1177 1298 1266 nobis
1319 1177 1379 1265 vel
1399 1177 1561 1268 dominio
1582 1194 1714 1268 nostro
1735 1179 1878 1288 debitis,
1901 1211 1992 1302 quo·

361 1323 523 1414 cumque
543 1295 694 1384 nomine
714 1309 951 1384 censeantur.
1003 1292 1188 1386 Volumus
1208 1296 1320 1384 etiam
1349 1309 1388 1384 et
1406 1294 1607 1386 districtius
1629 1298 1712 1410 (sic)
1739 1299 1992 1414 probibemus,

361 1442 409 1498 ne
429 1411 615 1530 palatinus
634 1411 693 1499 vel
715 1411 942 1501 castellanus
963 1441 1032 1502 seu
1052 1427 1278 1531 procurator
1297 1429 1428 1502 noster
1447 1413 1507 1502 vel
1527 1413 1660 1527 aliquis
1680 1415 1794 1534 judex
1814 1417 1992 1536 ipsorum,
2072 1517 2078 1533 .

358 1527 422 1642 rel
451 1529 546 1618 alius
575 1529 684 1618 etiam
713 1528 807 1618 alter
834 1531 1060 1651 quicumque
1086 1531 1214 1638 luerit,
1245 1531 1389 1618 incolas
1410 1546 1447 1619 et
1466 1533 1502 1619 in
1531 1532 1664 1620 uilinos
1680 1561 1752 1620 seu
1773 1533 1992 1623 cmethones
2065 1552 2075 1600 t

360 1648 434 1734 iam
455 1645 679 1753 dinteville,
706 1650 982 1770 cujuscumque
1001 1649 1163 1738 nationis
1182 1648 1242 1736 vel
1264 1647 1490 1738 conditionis
1506 1564 1662 1757 luerint,
1692 1649 1827 1740 ibidem
1848 1651 1992 1742 inbabi·
2081 1669 2094 1736 t

361 1778 484 1853 tontes
504 1780 712 1884 presumat,
744 1781 879 1856 contra
897 1765 996 1854 hanc
1015 1765 1265 1856 benivolentia
1286 1781 1415 1856 nostre
1435 1765 1703 1876 donacionem,
1732 1771 1992 1890 prenominato

360 1879 551 2004 Magistro
582 1897 619 1972 et
647 1881 822 1972 Ecclesie
849 1913 918 1972 sue
948 1883 1084 1971 laetam
1112 1885 1261 1988 cittare,
1285 1883 1458 2002 judicare
1484 1883 1544 1973 vel
1570 1887 1606 1972 in
1628 1883 1753 2022 aliquo
1779 1887 1853 1975 elio
1874 1887 1991 1976 mole·

360 2015 474 2087 stare.
505 1999 546 2086 Si
567 2002 651 2124 quis
672 2029 764 2090 vero
781 2001 1006 2090 contrarium
1022 2003 1302 2120 presumpserit,
1322 2003 1419 2090 sciat
1437 2033 1480 2090 se
1501 2017 1669 2092 nostram
1689 2003 1991 2125 indignacionem

362 2119 622 2206 incursurum:
664 2133 699 2206 et
728 2121 849 2237 ipsum
883 2119 1076 2224 volumus,
1112 2121 1145 2208 si
1174 2149 1333 2206 necesse
1365 2121 1495 2228 luerit,
1531 2119 1732 2238 usquead
1765 2121 1991 2242 condignam

361 2237 652 2326 satisfactionem
682 2237 942 2325 ecclesiastica
969 2237 1162 2326 sentencia
1182 2238 1308 2325 acrius
1327 2239 1458 2355 puniri.
1510 2239 1552 2325 Si
1574 2255 1696 2327 autem
1717 2241 1800 2358 quis
1820 2237 1869 2326 de
1890 2269 1991 2328 cme-

360 2353 535 2440 thonibus
564 2355 651 2441 ville
680 2353 896 2472 supradicte
926 2354 1040 2444 babet
1068 2355 1192 2472 aliqua
1222 2353 1271 2440 de
1302 2383 1419 2442 causa
1448 2355 1656 2476 querularj:
1693 2371 1831 2444 tanturn
1862 2385 1992 2444 coram

360 2467 549 2589 Magistro
577 2471 766 2576 Henrico,
798 2471 1108 2560 Suboancellario
1135 2485 1287 2577 nostro,
1319 2470 1432 2558 debat
1460 2471 1509 2558 de
1529 2475 1621 2590 ipsis
1643 2475 1713 2561 sibi
1733 2475 1905 2564 iustitiam
1926 2504 1991 2594 po-

362 2587 512 2674 stulare.
564 2587 626 2674 Ad
649 2588 755 2674 ouius
776 2591 830 2676 rei
851 2589 1099 2677 testimonium
1126 2603 1163 2676 et
1182 2589 1360 2676 maiorem
1390 2587 1612 2677 evidentiam
1632 2619 1793 2708 presens
1814 2593 1992 2712 scriptum

361 2706 479 2792 nostri
500 2704 610 2824 sigilli
631 2705 830 2794 munimine
848 2705 1088 2812 roboratum,
1117 2703 1288 2824 predicto
1315 2705 1505 2824 Magistro
1525 2706 1692 2796 Henrico
1711 2709 1868 2797 lecimus
1888 2709 1991 2798 exhi-

362 2823 453 2940 berj.
494 2822 740 2911 Prosentibus
760 2823 860 2912 viris:
882 2822 1092 2913 honorabili
1111 2821 1264 2912 domino
1284 2821 1408 2912 Paulo
1427 2822 1620 2942 Episcopo
1637 2823 1880 2942 Leopoliensi
1897 2825 1992 2936 (sic),
2081 2882 2086 2898 ι

362 2938 514 3028 domino
541 2939 689 3029 loanne
714 2939 995 3030 Archidiacono
1022 2937 1277 3046 Lanciciensi,
1307 2941 1472 3030 Domino
1503 2942 1662 3031 Creslao
1692 2942 1991 3032 subcancellario

355 3053 666 3163 Pomeraniensi,
693 3057 856 3147 Domino
876 3057 1116 3147 Theodorico
1137 3057 1334 3175 capellano
1355 3071 1499 3168 nostro,
1526 3059 1671 3148 Comite
1690 3061 1837 3148 Falone
1855 3077 1894 3149 et
1909 3062 1992 3172 (sie)

362 3175 587 3278 vexillifero,
622 3175 731 3296 Lupo
767 3175 1051 3295 Subpincerna,
1086 3175 1308 3296 Vatiglessa
1336 3176 1429 3289 (sic)
1463 3193 1709 3296 procuratore
1743 3175 1990 3268 Lanciciensi.

364 3293 499 3380 Actum
528 3309 564 3382 et
585 3291 711 3382 datum
741 3295 778 3381 in
807 3291 975 3383 Loncitia
1005 3291 1152 3412 Notarij
1174 3295 1257 3408 (sio)
1279 3291 1334 3406 (⁴)
1364 3295 1483 3382 nostri
1513 3295 1689 3402 Joannis,
1720 3295 1832 3384 Anno
1854 3295 1991 3384 domini

362 3409 557 3500 millesimo
578 3409 837 3499 ducentesimo
858 3413 1108 3534 nonagesimo
1127 3440 1242 3517 nono,
1268 3411 1304 3500 in
1326 3413 1493 3502 crastino
1513 3411 1612 3502 beati
1632 3412 1786 3502 Andree
1806 3413 1990 3533 Apostoli.

422 3744 428 3758 ¹
458 3659 653 3812 &liquid
673 3663 785 3763 librarii
807 3663 923 3730 inermia
944 3663 1002 3730 boc
1022 3665 1088 3731 loco
1102 3663 1247 3766 omissum
1259 3685 1327 3733 essa
1341 3663 1464 3732 ridetur.
1499 3663 1616 3764 'fabula
1630 3663 1719 3764 baec,
1739 3666 1785 3732 nti
1800 3663 1945 3764 plurimae
1960 3665 1991 3730 in

362 3743 450 3915 plllffl
463 3838 533 3898 nota
549 3749 845 3916 &rumpam
852 3755 898 3816 eat
911 3756 1049 3818 accurate
1063 3757 1180 3836 scripta.
1211 3748 1333 3829 Confer,
1346 3767 1426 3838 quoe
1439 3747 1478 3846 de
1492 3747 1575 3816 lnbrrs
1588 3749 1731 3818 Matronae
1743 3750 1843 3904 Regni
1857 3749 1953 3814 Torno
1968 3749 1990 3812 1.

1070 4083 1284 4201 onxxrt

453 4349 722 4446 nubunt,
750 4369 906 4438 anno
931 4348 1097 4439 1300
1114 4353 1209 4438 otte
1233 4351 1302 4436 15
1328 4352 1528 4438 menete
1554 4351 1904 4456 septembrio.

363 4549 593 4628 semovit!
612 4552 709 4629 θιὼ
728 4551 888 4628 taminiae
902 4555 938 4628 ot
949 4551 1150 4730 botiboppplb
1168 4553 1297 4727 ¹4⁰¹⁸2ll
1311 4554 1413 4629 rttrm
1426 4555 1548 4624 Batou
1561 4571 1630 4630 cnn
1643 4553 1787 4630 onnon
1799 4555 1989 4632 ublttattbm
2013 4569 2015 4576 ·

1128 4671 1169 4728 10
1206 4674 1223 4729 0
1286 4681 1351 4724 rea.

927 4857 1138 4948 Stronotplrki
1151 4859 1285 4948 ,wamy
1298 4860 1376 4947 pisto
1390 4857 1555 4948 dawnych”
1567 4880 1596 4948 p
1609 4861 1647 4927 nt
1665 4860 1721 4930 ΝΜ
1733 4860 1789 4928 20.

1785 4975 1820 5032 20
