4896 5926
1123 741 1421 818 -Ιθθ-.

437 943 610 1064 legatos,
645 941 805 1030 satutem
835 955 870 1031 et
898 941 1085 1030 sinceram
1114 940 1151 1028 io
1181 939 1336 1031 domino
1364 941 1570 1032 coriutem
1611 939 1708 1030 Cum
1736 970 1761 1030 a
1787 941 1899 1032 nobis
1927 945 2073 1064 petitur,

439 1059 543 1182 quod
562 1061 695 1147 iustum
717 1074 775 1148 est
796 1073 833 1146 et
852 1058 1062 1166 honmtum,
1083 1072 1160 1148 tom
1181 1059 1293 1178 uigor
1313 1059 1496 1178 equitatis,
1516 1089 1629 1178 mam
1650 1058 1748 1149 ordo
1769 1063 1886 1182 exigit
1903 1064 2073 1172 rationis,

437 1193 477 1267 ut
517 1178 554 1267 id
590 1207 660 1298 per
699 1176 987 1268 sollicitudiuem
1028 1176 1139 1296 offici]
1180 1177 1300 1266 nostri
1333 1177 1385 1266 ad
1421 1177 1586 1266 debitum
1620 1176 1852 1297 perducatur
1885 1179 2072 1274 effectum.

436 1293 655 1417 Eapropter
677 1296 814 1386 uestris
840 1296 948 1385 iustis
966 1294 1311 1416 supplicaciooibos
1330 1311 1445 1416 grato
1465 1311 1736 1386 concurrentes
1755 1326 1937 1404 assensu,
1962 1297 2074 1388 liber-

437 1429 570 1520 tatem,
603 1415 889 1503 concessionem
920 1429 957 1502 et
976 1427 1202 1533 potestatem
1231 1412 1341 1501 vobis
1371 1429 1409 1502 et
1434 1411 1611 1502 Ecdesie
1629 1429 1757 1502 vestre
1776 1443 2005 1524 concessos,
2035 1421 2072 1506 io

315 1613 319 1625 .
439 1531 599 1620 Ciuitate
621 1539 782 1646 Wopbor
801 1533 897 1643 (sic),
919 1563 1004 1620 oum
1027 1532 1124 1622 vittis
1144 1531 1214 1621 sibi
1234 1532 1411 1638 annexis,
1438 1531 1597 1621 scilieet:
1623 1537 1853 1636 Sarnour'co,
1880 1539 2088 1640 Puerorum.

369 1682 373 1697 ·
435 1656 663 1748 Maroneo,
688 1655 905 1753 Quanto,
926 1650 1012 1740 viiie
1026 1646 1410 1756 Sanctonrt’orumff),
1431 1679 1456 1736 a
1476 1650 1587 1738 nobiti
1609 1652 1690 1738 viro
1712 1648 1849 1740 Leston
1862 1651 1941 1750 (sie)
1962 1653 2072 1743 Duce

436 1769 659 1886 Syrcbieosi
689 1769 804 1882 (sic),
838 1797 1017 1858 necnon
1048 1769 1334 1857 ionouocionem
1369 1797 1438 1856 seu
1471 1768 1802 1858 confirmacionem
1835 1768 2003 1860 viliorum
2032 1788 2073 1860 et
2192 1837 2203 1846 -

436 1889 567 1976 iurium
598 1883 773 1975 Eeclesie
803 1903 950 1992 vestre,
982 1903 1021 1974 et
1049 1887 1257 1974 libertatum
1288 1886 1513 1993 eorundem,
1545 1887 1655 1974 uobis
1685 1902 1722 1975 et
1750 1889 1912 1975 ecclesie
1943 1905 2071 1980 uestre

436 2033 647 2094 concessas
679 2019 717 2092 et
742 2005 863 2092 iactas
897 2033 921 2091 a
948 2005 1061 2092 nobili
1090 2007 1173 2092 viro
1208 2003 1428 2124 Mistiyugio
1463 2004 1571 2092 Buce
1607 2005 1855 2110 Pomoranie,
1891 2025 2003 2124 prout
2032 2010 2070 2098 io

435 2123 668 2242 priuilegijs,
709 2121 914 2210 eorundem
950 2122 1086 2210 dueum
1122 2121 1254 2326 sipiilis
1289 2124 1459 2228 munitiS,
1500 2121 1645 2241 plenius
1680 2124 1843 2211 cernitur
1876 2128 2069 2239 contineri:

436 2269 595 2358 quorum
632 2242 911 2360 priuilegiorum
949 2258 1117 2329 tenorem
1179 2270 1201 2326 c
1233 2242 1352 2328 uerbo
1384 2239 1434 2328 ad
1465 2241 1619 2329 uerbum
1648 2240 1804 2328 ieoimus
1832 2243 2070 2358 presentibus

436 2359 629 2450 annotari:
665 2360 762 2446 sicot
789 2360 856 2447 rite
885 2373 922 2446 et
948 2357 1108 2480 procide
1135 2359 1234 2448 facte
1263 2375 1350 2447 suot
1379 2375 1416 2448 et
1445 2387 1651 2466 concesse,
1686 2374 1790 2447 ratas
1819 2359 2003 2452 habentes
2032 2380 2071 2454 et

264 2495 270 2502 '
435 2490 591 2598 gratas,
622 2477 861 2584 auctoritate,
909 2506 957 2564 ua
977 2479 1175 2600 fungimur,
1195 2477 1479 2586 confirmamus,
1499 2491 1537 2566 et
1555 2479 1741 2596 presentis
1761 2479 1890 2597 scripti
1908 2484 2070 2599 patroci-

435 2597 500 2685 nio
531 2597 815 2684 communimus.
865 2507 965 2684 dunt
985 2625 1082 2716 ergo
1103 2597 1255 2686 omnino
1274 2594 1462 2686 hominum
1491 2595 1604 2706 liceat
1622 2595 1722 2684 hanc
1740 2596 1919 2734 paginam
1937 2613 2069 2688 nostre

436 2712 731 2804 condonationis
760 2713 982 2836 iufringere,
1011 2716 1073 2803 uel
1101 2715 1137 2804 ei
1161 2744 1258 2805 ausu
1286 2715 1486 2806 temerario
1515 2715 1714 2805 contraire.
1763 2713 1806 2802 Sr
1833 2715 1915 2834 quis
1940 2731 2073 2806 cutem¹

433 2831 510 2922 hoc
536 2843 759 2952 attemptare
784 2833 1075 2952 presumpserit,
1104 2831 1398 2954 indignationem
1426 2833 1690 2952 omnipotentis
1716 2832 1790 2920 Dei
1814 2846 1852 2922 et
1869 2833 2067 2924 beatorum
2171 2899 2180 2912 -

435 2949 540 3042 Petri
566 2966 603 3040 et
629 2951 737 3039 Pauli
765 2951 1036 3068 Apostolorum
1063 2954 1144 3040 eius
1170 2981 1216 3040 se
1236 2952 1382 3040 nouerit
1401 2951 1646 3040 incursurum.
1698 2950 1826 3041 Tenor
1845 2965 1969 3042 autem
1990 2955 2067 3074 pri·
2094 3009 2098 3015 ·

436 3069 657 3190 uilegiorum
678 3069 845 3188 ipsorum
866 3069 951 3158 tulis
971 3085 1044 3158 est:

534 3188 612 3298 (Se
640 3204 774 3276 uuntur
794 3187 872 3276 duo
900 3187 1115 3307 privilegia:
1158 3196 1192 3295 l,
1219 3217 1255 3274 a.
1276 3189 1372 3278 1273
1392 3189 1466 3278 vid.
1487 3218 1524 3307 p.
1547 3195 1598 3278 85
1619 3185 1686 3278 N¹⁹
1708 3186 1753 3276 C.
1771 3237 1826 3252 -
1843 3195 1887 3294 2,
1917 3188 2066 3290 Gedaoi

435 3335 471 3395 a.
492 3311 583 3394 1277
603 3220 640 3394 d.
661 3313 704 3393 19
725 3337 821 3394 men.
842 3305 940 3394 Juoii
962 3336 998 3425 p.
1020 3313 1073 3394 94
1092 3303 1156 3396 N'⁰
1176 3305 1307 3418 CIX).
1779 3371 1783 3376 -

536 3423 580 3512 lo
616 3424 722 3512 ouius
756 3425 810 3513 rei
846 3425 1115 3530 testimonium,
1149 3439 1347 3541 presentes
1379 3424 1520 3516 litteras
1553 3425 1634 3514 fieri
1665 3425 1842 3532 fecimus,
1878 3441 1916 3514 et
1945 3429 2066 3521 nostri

437 3539 548 3662 sigilli
569 3541 804 3746 appensione
824 3541 966 3630 muniri.
995 3542 1133 3632 Datum
1154 3545 1191 3630 io
1211 3559 1340 3632 castro
1355 3548 1614 3660 Smpontemri
1635 3573 1736 3634 anno
1757 3544 1896 3634 domini
1917 3545 2064 3634 millesi-

435 3687 498 3746 mo
519 3659 602 3748 CC⁰
654 3657 793 3767 XXX⁰,
814 3659 863 3746 V.
887 3659 972 3749 Kal.
991 3659 1102 3766 Junii,
1122 3658 1223 3748 Vlll.
1244 3661 1461 3767 indictione,
1488 3661 1735 3752 Pontificatos
1756 3660 1895 3752 domini
1917 3660 2064 3754 Nicolai
2194 3713 2199 3722 ·

435 3776 543 3895 Pape
565 3779 669 3896 tercij
691 3807 791 3866 anno
812 3779 941 3867 tercio.
1941 3848 1947 3866 .

534 4096 575 4181 (²)
603 4095 680 4163 Vide
695 4097 919 4163 annotationem
934 4097 1096 4163 secundam
1112 4096 1149 4162 ad
1165 4115 1191 4161 a.
1211 4093 1291 4163 ΙΝ
1307 4117 1336 4182 p.
1351 4095 1402 4162 85.
