4984 5930
1065 779 1312 860 ..33-

372 981 562 1070 siastieam
593 977 778 1068 utilitatem
805 980 943 1069 iecisse
970 991 1195 1092 noscuntur,
1223 983 1413 1103 finemque
1434 983 1589 1101 cupiens
1610 981 1791 1102 inponere
1811 983 2003 1076 laboribus

372 1097 597 1188 venerabilis
627 1098 742 1216 patris
773 1099 843 1186 mei
878 1099 911 1186 F
914 1099 1059 1189 ulconis
1088 1101 1214 1189 diuina
1243 1100 1500 1220 disposicione
1536 1100 1771 1188 Gneznensis
1806 1102 2003 1220 Arcbiepi-

373 1217 491 1334 scopi,
513 1230 549 1304 et
565 1216 682 1333 ipsius
698 1217 998 1324 successoribus,
1019 1231 1056 1307 et
1071 1219 1236 1308 similiter
1256 1217 1490 1326 blazoniensi
1511 1231 1548 1305 et
1568 1217 1781 1309 Cuiauiensi
1795 1217 2004 1339 ,Episcopis

372 1349 409 1422 et
437 1332 727 1422 successoribus
757 1365 906 1442 eorum3
937 1337 1017 1424 iura
1045 1367 1113 1425 seu
1143 1335 1333 1424 libertates
1362 1336 1514 1424 inlerius
1542 1335 1764 1443 adnotatas,
1794 1367 1864 1456 pro
1885 1369 1945 1426 me
1966 1352 2005 1426 et

372 1451 465 1538 meis
486 1451 788 1560 successoribus,
809 1453 845 1538 in
867 1453 986 1560 terris,
1008 1482 1104 1572 quas
1124 1483 1225 1540 nunc
1244 1451 1426 1572 possideo
1448 1453 1508 1540 uel
1529 1453 1565 1540 in
1581 1454 1740 1542 luturum
1758 1453 1832 1544 dec
1848 1472 2004 1548 auctore

372 1569 590 1686 possidebo,
624 1571 801 1690 resigno,
833 1569 937 1658 dono
969 1585 1007 1658 et
1035 1571 1228 1658 confirmo.
1288 1569 1434 1658 Omnes
1465 1572 1577 1690 igitur
1609 1573 1810 1689 ascripticij
1832 1571 2003 1662 homines

372 1687 470 1776 beati
492 1686 697 1793 Adalberti,
724 1699 762 1774 et
782 1687 1017 1778 Cuiauiensis
1036 1687 1305 1806 Episcopatus,
1325 1719 1373 1776 ac
1392 1688 1546 1776 aliamm
1567 1689 1812 1776 ecclesiarum
1834 1692 2004 1780 cuiuscu-
2139 1726 2144 1744 ·

374 1807 506 1924 'usque
527 1804 610 1918 (sic)
638 1803 871 1895 condicionis
897 1804 957 1892 uel
978 1807 1167 1896 seruitutis
1187 1808 1268 1896 siue
1289 1806 1399 1926 olficij
1420 1806 1571 1913 luerint,
1600 1835 1669 1924 per
1689 1821 1804 1896 totum
1826 1805 2004 1896 ducatum

366 1837 682 2029 iaucbiciensem,
713 1935 750 2010 et
770 1925 890 2012 eciam
919 1925 955 2010 in
976 1924 1114 2041 ducatu
1145 1923 1398 2012 Mazouiensi:
1428 1938 1540 2041 prout
1568 1923 1749 2012 adilecto
1776 1941 1906 2015 nostro
1927 1925 2003 2014 lilio

336 2040 555 2151 ¹Bolezlao
588 2039 688 2128 duce
724 2039 959 2131 lllazouiensi
1000 2041 1139 2131 deuota
1180 2058 1218 2132 et
1247 2041 1372 2130 humili
1408 2043 1633 2160 optinuimus
1666 2043 1760 2154 (sic)
1800 2045 2002 2161 peticione:

373 2187 505 2248 omncs
534 2159 736 2278 ascripticii
761 2159 1018 2250 Mauouiensis
1045 2159 1320 2280 Episcopatus,
1352 2161 1452 2250 omni
1472 2173 1511 2246 et
1529 2159 1641 2279 plena
1660 2159 1854 2280 gaudeant
1873 2161 2004 2250 immu·
2109 2225 2117 2246 .

374 2277 497 2382 nitute,
517 2277 620 2366 liberi
640 2277 689 2366 ab
705 2278 804 2366 omni
825 2277 981 2396 prediali
1002 2279 1082 2367 siue
1102 2277 1293 2397 personali
1313 2279 1503 2384 seruitute,
1528 2309 1603 2398 que
1623 2306 1799 2398 umquam
1820 2279 1856 2366 in
1872 2281 1927 2368 eis
1943 2281 2003 2366 uel

372 2421 501 2482 eorum
526 2393 666 2512 prediis
696 2393 866 2482 Ducibus
894 2395 1054 2484 Polonie
1080 2397 1296 2515 compeciit:
1324 2396 1375 2484 ita
1400 2395 1504 2515 quod
1529 2425 1651 2513 neque
1675 2403 1850 2510 procori,
1879 2422 2002 2508 neque
2053 2418 2062 2490 t

367 2520 525 2626 preuod,
546 2535 669 2622 neque
684 2543 821 2624 poooz,
843 2538 965 2624 neque
984 2545 1118 2615 noros,
1141 2542 1213 2602 nec
1232 2512 1386 2626 aliquod
1406 2511 1506 2600 aliud
1522 2515 1722 2602 seruicium
1739 2515 1797 2602 uel
1815 2515 2003 2604 utilitatem

373 2652 613 2742 quocumque
641 2627 830 2717 uocabulo
861 2644 1108 2736 censeantur,
1136 2630 1186 2716 ab
1216 2630 1360 2718 eisdem
1387 2629 1597 2718 bominibus
1622 2627 1741 2717 duces
1770 2631 1947 2720 Marouie
1967 2645 2005 2720 et

371 2745 574 2836 banchioie
595 2761 784 2864 expetent:
812 2745 882 2834 sed
904 2745 1001 2834 idem
1018 2747 1100 2858 (sic)
1120 2746 1291 2835 homines
1311 2747 1525 2864 ascripticij,
1546 2775 1629 2832 cum
1651 2747 1751 2832 omni
1771 2746 1923 2835 utilitate
1944 2749 2005 2836 uel

373 2865 554 2970 servicio,
589 2878 729 2952 tantum
756 2861 994 2954 dominorum
1025 2895 1178 2954 suorum
1208 2865 1456 2954 subiacebunt
1485 2863 1678 2980 potestati:
1714 2863 1750 2950 in
1779 2863 1880 2954 nullo
1911 2893 2005 2954 casu

372 2981 511 3070 educe
527 2982 588 3070 uel
603 2982 652 3070 ab
668 2982 742 3072 alio
758 2981 808 3070 de
823 2983 904 3070 eius
921 2981 1100 3072 mandato
1112 2979 1321 3100 judicandi,
1341 2981 1412 3070 sed
1433 2995 1573 3070 tantum
1594 2980 1828 3070 dominorum
1849 3011 2002 3072 suorum

372 3099 523 3189 audient
544 3099 697 3206 iudicia,
726 3099 787 3188 uel
807 3130 948 3209 eorum,
970 3101 1104 3214 quibus
1125 3130 1195 3190 eos
1216 3099 1354 3188 domini
1375 3103 1541 3219 ipsorum
1562 3099 1816 3188 commiserint
1835 3101 2004 3190 iudican-

373 3219 457 3306 dos.
508 3217 650 3306 Prelati
680 3219 799 3306 eciam
827 3217 998 3308 homines
1027 3218 1272 3308 ecclesiarum
1308 3217 1359 3306 ad
1390 3218 1528 3309 nullum
1567 3218 1770 3306 exercitum
1812 3219 2015 3322 trahentur,

373 3336 494 3440 inviti,
506 3335 577 3424 uisi
593 3336 780 3424 exercitus
800 3350 1008 3456 cogeretur
1027 3335 1077 3424 ud
1095 3351 1194 3426 terre
1209 3335 1478 3424 defensionem.
1507 3329 1657 3422 Nullum
1678 3351 1843 3424 castrum
1864 3365 2005 3424 nouum

374 3451 621 3558 edificabunt,
657 3451 909 3565 sedentique
937 3467 1093 3571 propter
1123 3466 1223 3542 terne
1252 3451 1541 3556 deffensionem,
1579 3451 1787 3542 secundum
1819 3453 1921 3565 quod
1953 3453 2008 3542 ub,

373 3572 526 3682 antiquo
547 3583 837 3677 consueverunt,
857 3570 1039 3660 rellicient
1058 3570 1156 3690 (sic):
1185 3570 1260 3658 hoc
1280 3584 1405 3658 tamen
1426 3569 1592 3658 adhibito
1612 3569 1879 3677 moderamine,
1901 3570 2004 3684 quod
2163 3669 2164 3673 Ν
2309 3639 2312 3648 .

374 3691 410 3776 in
431 3687 642 3778 huiusmodi
660 3686 942 3778 reedificatione
961 3689 1098 3776 nullum
1119 3687 1355 3795 beneficium,
1384 3687 1487 3800 quod
1508 3687 1714 3807 vulgariter
1733 3681 1838 3804 Sapo
1859 3689 2004 3792 dicitur,
2069 3720 2078 3756 ⁸

374 3807 612 3896 constituent.
667 3804 753 3894 Nec
785 3835 917 3896 omnes
947 3805 999 3894 ad
1032 3805 1143 3895 talem
1175 3805 1500 3896 reedilicecionem
1532 3807 1660 3894 venire
1692 3819 1902 3926 cogantur,
1932 3805 2004 3892 sed

374 3937 628 4035 quotcumque
655 3923 859 4032 uoluerint;
888 3923 976 4012 dum
996 3923 1112 4015 modo
1133 3953 1231 4041 opus
1251 3953 1335 4012 corn
1364 3939 1509 4012 etenter
1528 3921 1753 4041 perficiatur.
1801 3922 1896 4010 ltem
1915 3919 2003 4028 dux,

374 4043 436 4154 qui
465 4043 575 4128 luerit
603 4071 673 4158 pro
696 4056 886 4160 tempore,
913 4069 989 4130 oon
1019 4042 1190 4136 transibit
1215 3955 1470 4130 castellinum
1502 4039 1551 4127 de
1580 4046 1720 4141 Ioor'ct,
1749 4054 1786 4128 et
1814 4038 1936 4126 attan·
1953 4037 2004 4128 de

373 4166 532 4272 vopbor,
559 4160 629 4250 nisi
656 4159 773 4248 semel
799 4161 836 4248 in
856 4187 977 4249 anno:
1003 4175 1041 4248 et
1060 4174 1149 4248 tunc
1168 4158 1431 4278 procurabitur
1456 4171 1494 4246 et
1513 4155 1721 4244 deducetur
1741 4185 1826 4244 eum
1848 4170 1900 4244 tot
1920 4186 2004 4244 cur·
2076 4171 2092 4228 t

205 4346 210 4354 .
373 4275 488 4382 ribus,
509 4273 611 4389 quod
627 4276 711 4388 (sio)
731 4290 840 4365 emunt
858 4277 896 4364 in
910 4275 1088 4395 predictis
1103 4275 1360 4382 castellaturis,
1380 4275 1443 4388 qui
1455 4275 1539 4387 (sie)
1559 4273 1608 4362 ibi
1627 4273 1798 4362 homines
1818 4304 1912 4364 suos
1925 4304 2004 4364 uon

374 4393 498 4482 babet
543 4392 636 4482 Aliis
656 4407 780 4482 autern
801 4391 945 4482 uicibus
966 4393 1308 4506 quocienscumque
1328 4393 1526 4500 transierit,
1546 4393 1783 4512 perticarium
1805 4390 2003 4497 deducent,

376 4523 414 4598 et
433 4541 544 4598 unum
567 4511 824 4630 procurabunt
842 4526 1082 4615 venatorem,
1111 4541 1182 4599 nec
1199 4529 1336 4598 eunus
1364 4511 1461 4598 ultra
1489 4525 1609 4599 metas
1637 4509 1783 4600 trahent
1807 4511 2004 4623 utriusque
2040 4513 2108 4594 wie
2144 4538 2203 4607 rr:
2231 4501 2415 4569 barber*

375 4625 602 4718 castellanie.
653 4627 697 4716 ln
717 4629 821 4718 siluis
841 4645 964 4718 autem
985 4628 1034 4718 de
1053 4635 1174 4716 tornet
1193 4641 1231 4718 et
1249 4637 1402 4743 oopbor,
1429 4657 1501 4716 nec
1521 4627 1608 4736 dux,
1638 4658 1711 4718 nec
1735 4629 1831 4716 alius
1852 4658 1922 4747 pro
1943 4658 2003 4730 eo,
2035 4635 2056 4669 ‘'
2094 4629 2209 4674 ”’Μ’

377 4745 585 4834 venabitur:
615 4747 685 4834 nisi
706 4777 791 4836 cum
812 4747 934 4866 ipsum
955 4747 1070 4834 modo
1091 4749 1249 4835 transire
1271 4747 1490 4866 contigerit,
1505 4761 1542 4834 et
1561 4775 1705 4833 moram
1728 4746 1777 4833 ibi
1797 4773 1871 4834 non
1893 4745 2004 4832 laciet

375 4877 530 4982 propter
549 4864 814 4972 venacionem,
844 4893 915 4954 nec
934 4865 1028 4954 alias
1049 4895 1205 4954 manens
1225 4865 1311 4954 illuc
1332 4869 1448 4954 mittet
1473 4863 1523 4954 ad
1549 4863 1774 4954 uenendum.
1828 4862 2004 4976 Quetuor

478 5013 567 5064 Tune
580 5015 614 5066 11.
