4878 5942
1109 753 1382 828 -300—

986 953 990 959 ⁵
1115 1015 1390 1171 coxuvru.
1476 961 1480 974 ¹
1611 1131 1616 1142 .

535 1288 820 1387 Boeotiae,
846 1307 1002 1422 annu
1027 1287 1179 1374 1³54
1204 1288 1298 1376 dte
1323 1288 1408 1374 2⁰
1435 1307 1577 1374 men.
1615 1291 1968 1393 centanam.

413 1487 419 1496 '
536 1489 711 1568 rancun
730 1489 825 1568 nure
839 1490 1030 1578 Paraetacis
1049 1491 1214 1566 doninica
1231 1489 1433 1587 Episcopatu
1443 1461 1699 1567 vindistruicnst
1720 1492 1974 1592 adjudicaturt¹t
2057 1467 2066 1482 ’

539 1678 622 1770 Nos
642 1681 857 1771 Stanisiaus
878 1681 990 1770 iudex
1011 1682 1230 1772 Brestensis
1269 1681 1419 1800 pubiioe
1439 1695 1695 1801 protestamur
1716 1697 1752 1772 et
1790 1713 1861 1802 per
1880 1698 2077 1804 presentes
2227 1682 2230 1692 ’

441 1799 674 1924 proiiternur:
719 1799 849 1914 Quod,
872 1829 956 1889 cum
978 1802 1075 1891 inter
1093 1799 1362 1910 uenerabilem
1385 1803 1421 1889 in
1444 1802 1596 1890 Christo
1617 1815 1765 1920 patrem
1790 1802 1981 1890 dominum
1995 1801 2079 1890 Mu·

441 1921 574 2025 thiam,
604 1917 728 2007 diuina
759 1933 796 2005 et
821 1919 1032 2038 apostolice
1062 1919 1165 2010 sedis
1193 1919 1439 2036 prouidencia
1471 1921 1611 2012 eclesie
1639 1921 1723 2031 (sic)
1758 1921 2077 2036 wladislauiensis

438 2040 678 2156 episcopum,
710 2053 749 2125 et
767 2062 813 2123 ca
843 2038 968 2126 ituiurn
990 2067 1098 2126 suurn
1118 2037 1424 2126 wladislauiense
1444 2069 1492 2126 ex
1513 2069 1605 2143 una,
1628 2053 1665 2126 et
1680 2038 1942 2126 Barthconern
1957 2068 2076 2158 quon·

439 2155 527 2244 dnm
562 2155 705 2272 Alexij,
736 2183 785 2242 ao
816 2069 1132 2276 hh'angerconenr
1166 2155 1350 2273 Stephani
1386 2155 1503 2261 hiios,
1535 2156 1700 2244 heredes
1738 2157 1786 2243 de
1824 2163 2077 2248 Pouctour'cze

439 2287 550 2391 parte
585 2301 634 2360 ex
668 2271 806 2377 altera,
838 2303 954 2393 super
988 2273 1152 2393 quadam
1188 2289 1295 2392 purte
1329 2273 1546 2362 hereditatis
1567 2275 1844 2388 (Populoniae
1876 2275 2078 2362 coniuncte

447 2397 632 2506 Wyttowo
653 2389 849 2480 hereditati
868 2393 1030 2482 ecclesia
1050 2390 1218 2512 predicte
1240 2390 1574 2498 wladislauiensis,
1595 2421 1727 2480 coram
1749 2393 1888 2480 iudicio
1911 2393 2076 2480 serenis-

441 2509 523 2598 simi
542 2537 590 2596 uc
610 2507 761 2596 illustris
781 2511 958 2630 principis
979 2509 1118 2599 domini
1138 2509 1332 2616 anirniri,
1357 2509 1417 2598 dei
1438 2513 1571 2630 gracia
1593 2509 1705 2599 incliti
1726 2513 1831 2631 regis
1854 2512 1972 2598 nostri
1994 2509 2096 2596 Po·-

444 2627 564 2733 ionie,
595 2627 706 2714 nobis
736 2627 874 2716 iudicio
905 2628 1005 2718 dictu
1034 2628 1331 2748 presidentibus,
1363 2630 1518 2716 materia
1551 2631 1759 2749 questionis
1782 2629 1927 2716 diucius
1957 2639 2078 2719 verte·

440 2757 563 2850 retur,
594 2743 744 2832 tandem
775 2746 951 2865 partibus.
977 2745 1064 2835 hinc
1094 2745 1182 2834 inde
1203 2746 1452 2866 litigantibus,
1483 2747 1605 2834 taliter
1625 2777 1695 2866 per
1714 2775 1786 2836 nos
1813 2751 1848 2834 in
1870 2757 2078 2863 conspectu

441 2863 580 2968 donnini
601 2865 721 2952 nostri
741 2861 865 2984 Regis
886 2863 1062 2984 predicti,
1082 2893 1131 2952 ac
1151 2863 1335 2952 baronum
1355 2865 1678 2983 infrascriptarum
1701 2863 1750 2952 da
1772 2865 1951 2968 consiliu,
1972 2863 2078 2980 equi·
2232 2961 2235 2968 Δ

442 2995 518 3070 tote
538 2980 740 3090 suadente,
772 2985 891 3070 extitit
911 2982 1116 3072 diffinitum.
1149 2981 1266 3098 Quod
1288 2981 1391 3071 dicto
1412 2981 1565 3071 donnino
1588 2985 1772 3103 episcopa
1798 2982 2078 3071 wladislauien-

441 3099 474 3186 si
495 3127 580 3188 cunr
601 3129 672 3188 suo
693 3100 856 3220 capitulo
876 3101 1191 3206 wladisiuuiensi,
1212 3101 1394 3220 prefatum
1416 3115 1561 3219 partern
1583 3099 1806 3190 hereditatis
1830 3105 2078 3188 Pouutom'czc

441 3213 642 3336 prelibata,
673 3218 971 3308 adiudicauimus
991 3231 1029 3306 et
1049 3217 1310 3308 adiudicunrus
1331 3235 1514 3339 perpetuu
1547 3219 1820 3337 possidendam
1861 3215 2022 3336 pacifice
2041 3231 2080 3306 et

444 3338 589 3456 quiete3
621 3337 851 3452 supradietis
879 3337 1082 3426 heredibus
1108 3365 1158 3424 ac
1185 3367 1316 3426 eorum
1352 3339 1643 3427 successoribus
1678 3367 1796 3455 super
1822 3337 2075 3458 proprietate,

443 3469 481 3542 et
497 3455 631 3574 quavis
651 3456 831 3563 accione,
861 3486 930 3546 seu
950 3455 1023 3546 litis
1043 3457 1347 3562 contestaciune,
1379 3469 1599 3573 perpetuum
1620 3457 1816 3544 silenciuur
1838 3457 2075 3574 inponentes.

443 3569 503 3676 Et,
525 3603 573 3659 ne
596 3571 768 3690 cuiquam
793 3603 909 3693 super
928 3573 1005 3661 hoo
1025 3575 1255 3694 inposterum
1277 3571 1431 3693 aliquod
1450 3572 1610 3690 dubiurn‘
1625 3575 1784 3679 oriatur,
1812 3585 2016 3692 presentes
2035 3569 2076 3657 ti-

445 3703 548 3777 teras
576 3686 658 3774 heri
679 3691 872 3798 iussimus,
903 3692 1021 3808 nostri
1042 3691 1153 3810 siguli
1173 3693 1370 3780 rnuoinrinc
1392 3691 1605 3780 roboratas.
1667 3692 1805 3780 Actum
1835 3707 1873 3779 et
1891 3689 2022 3776 datum
2043 3689 2078 3776 in

445 3815 574 3913 Brest,
605 3807 641 3896 in
657 3807 785 3926 vigilia
802 3809 902 3896 beati
922 3809 1065 3898 Mathei
1085 3811 1248 3927 apostoli
1269 3823 1305 3897 et
1326 3805 1586 3930 ewangeliste,
1609 3839 1711 3899 anrro
1727 3810 1866 3897 donrini
1883 3806 2079 3896 millesimo

323 4001 330 4016 ,
445 3923 703 4016 ccc⁰Lttll⁰.
724 3925 972 4016 Prosentibus
993 3927 1179 4016 nobiiibus
1195 3941 1232 4016 et
1247 3927 1421 4015 discretis
1433 3927 1535 4036 viriS,
1557 3928 1729 4017 dominist
1753 3925 1993 4044 Wyncencio
2013 3951 2079 4044 pa-

434 4045 579 4154 'iatino,
612 4043 773 4132 Chebda
795 4044 1021 4147 castellano,
1051 4046 1202 4134 Jacobo
1222 4045 1447 4156 vexillifero,
1477 4045 1730 4167 Sandyuogin
1749 4045 1961 4160 subiudica,
1980 4041 2079 4130 Bre-

447 4165 659 4274 stensibus3
691 4163 888 4254 Dobeslao
917 4163 1125 4255 castellano
1155 4164 1430 4271 Crusuioiensi‚
1471 4193 1556 4252 oum
1593 4165 1730 4254 ceteris
1764 4163 1974 4254 baronibus
2004 4157 2080 4247 bde

447 4282 583 4404 dignis.

558 4599 599 4684 (¹)
627 4601 675 4672 Ex
689 4601 850 4692 neuetypo
865 4603 1097 4671 membranaceo
1112 4603 1249 4670 tabularii
1264 4599 1385 4690 capituti
1400 4586 1673 4668 Wiadislcuiensis.
1714 4597 1852 4696 Sigillum
1866 4596 1960 4664 deest.
