4926 5940
1121 729 1396 802 -ttct-

446 943 561 1049 cion'i,
592 936 770 1028 mandato
792 948 830 1022 et
850 933 1117 1023 arbitramcnto
1147 928 1357 1018 antedictis.
1410 927 1502 1042 Quo
1524 925 1675 1048 quidem
1698 931 1976 1047 compromisso
2005 963 2075 1053 per

446 1063 566 1149 dictas
598 1071 727 1174 partes
759 1058 795 1142 in
823 1053 1105 1173 prenominatos
1140 1047 1315 1137 dominos
1347 1046 1539 1134 Albricum
1575 1045 1916 1158 Archidiaconum,
1946 1048 2074 1144 Bene-

446 1179 582 1267 dictum
606 1167 815 1264 Ollicialem
838 1185 876 1258 et
896 1169 1092 1258 Nicolaum
1118 1167 1306 1284 Brooissij
1344 1165 1561 1254 Canonicos
1582 1166 1702 1268 iacto,
1733 1196 1820 1255 mox
1842 1185 1879 1258 et
1898 1172 1936 1258 in
1956 1177 2075 1263 conti·

443 1297 544 1386 nenti
564 1293 734 1413 prelibati
756 1291 895 1379 domini
920 1288 1068 1391 arbitri,
1090 1285 1337 1374 arbitratores
1362 1299 1399 1372 et
1418 1283 1636 1372 amicabiles
1656 1287 1951 1402 compositores,
1973 1323 2076 1382 com·

442 1415 634 1535 promisso
660 1407 873 1520 huiusmodi
893 1409 930 1495 in
955 1423 999 1494 se
1020 1419 1221 1522 suscepto,
1250 1402 1386 1494 auditis
1412 1431 1565 1522 quoque
1596 1405 1765 1522 parcium
1792 1408 2075 1519 intencionibus,

442 1532 649 1652 propositis
670 1541 708 1617 et
726 1526 1054 1648 responsionibus,
1084 1553 1133 1612 ac
1152 1523 1267 1627 actis,
1288 1537 1362 1608 tam
1384 1522 1421 1610 in
1447 1521 1566 1639 prima
1587 1521 1790 1629 instancia,
1815 1557 1933 1645 quom
1954 1533 2074 1618 inse·
2161 1530 2166 1538 ’

377 1689 380 1700 ·
444 1648 570 1740 cunda
598 1649 767 1762 actioatis
796 1661 833 1733 et
860 1645 956 1732 bene
977 1641 1200 1747 masticatis,
1231 1637 1509 1728 deliberacione
1534 1653 1680 1728 matura
1700 1643 1796 1730 inter
1815 1675 1859 1733 se
1878 1645 2074 1762 prebebita

444 1767 626 1891 diligenti,
646 1765 696 1853 ad
717 1795 824 1853 suam
844 1762 1059 1852 arbitralem
1079 1759 1309 1848 sentenciam
1330 1772 1369 1845 et
1387 1757 1618 1846 amicabilem
1638 1763 1956 1879 composicionem
1981 1769 2072 1883 prb.

444 1900 656 2000 cesserunt,
687 1886 883 2020 ipsamque
902 1881 939 1968 in
959 1881 1108 1999 scriptis
1129 1877 1292 1966 tulerunt
1311 1873 1522 1964 huiusmodi
1542 1876 1613 1965 sub
1633 1889 1786 1966 tenores

544 2003 588 2090 ln
609 2030 760 2090 nomine
781 2000 937 2102 domini,
959 2029 1081 2086 amen.
1121 1995 1206 2084 Nos
1228 1994 1405 2084 Albricus
1424 1993 1475 2082 de
1493 2000 1653 2086 Modlao
1673 1993 1751 2109 (³),
1770 1998 2073 2092 Arabidiaoonus

447 2119 800 2222 Warsohouiensis‚
831 2116 1064 2204 Benedictus
1085 2113 1134 2201 de
1153 2121 1285 2205 Modlo
1311 2114 1394 2226 (sic)
1422 2111 1625 2220 Officialis,
1655 2131 1693 2202 et
1712 2111 1893 2204 Nicolaus
1912 2117 2074 2210 Bronis-

445 2240 509 2356 sij,
526 2237 714 2324 canonici
746 2234 907 2322 ecclesie
941 2232 1188 2353 gneznensis,
1218 2233 1363 2333 arbitri,
1398 2232 1643 2322 arbitratores
1672 2245 1710 2319 et
1728 2234 1947 2324 amicabiles
1967 2267 2074 2327 eom-

445 2357 652 2473 positores‚
682 2364 730 2439 ao
751 2379 971 2438 communes
1003 2351 1113 2438 amici
1141 2379 1212 2468 per
1237 2349 1480 2436 honorabiles
1504 2351 1632 2454 uiros,
1662 2348 2074 2444 dominos2'laoobum

444 2473 494 2562 de
513 2477 655 2560 Sodtao
682 2470 731 2556 ab
757 2497 847 2572 vna,
880 2483 917 2554 et
942 2467 1226 2552 Henrioum‘ds
1248 2472 1487 2552 Brcnn'sseooo
1524 2465 1769 2554 ecclesiamm
1803 2471 2074 2585 parochialium

443 2605 626 2695 rectores,
656 2583 972 2704 wladislauiensis
992 2581 1176 2692 diocesis,
1207 2580 1256 2668 de
1276 2585 1316 2670 e't
1334 2587 1451 2702 s'uper
1477 2572 1601 2670 litibus
1622 2597 1661 2672 et
1680 2590 1969 2707 controversiis,
2000 2623 2074 2710 que

443 2721 639 2796 vertuntur
658 2721 695 2792 ct
715 2705 810 2790 verti
831 2716 1032 2818 sperantur
1062 2703 1158 2788 inter
1186 2707 1272 2802 eos,
1303 2730 1419 2818 super
1433 2701 1519 2818 jure
1540 2700 1771 2792 decimarum
1793 2703 1846 2794 de
1861 2709 1968 2826 agris
1997 2723 2071 2796 tam

442 2818 639 2928 nobilium,
662 2851 773 2938 quam
794 2819 1033 2908 kmetbonum
1055 2819 1171 2938 partis
1191 2817 1324 2906 dextre
1344 2817 1515 2906 villarum
1535 2825 1678 2908 Sndlno
1700 2837 1738 2912 et
1759 2823 1970 2932 Cllebomo,
2000 2857 2073 2914 noc

444 2971 520 3032 non
540 2941 730 3060 perceptis
751 2955 788 3027 et
808 2937 984 3055 expensis
1005 2953 1041 3026 et
1062 2937 1247 3026 interesse
1267 2936 1501 3044 ‘eorundem,
1532 2953 1570 3026 et
1590 2938 1784 3058 quibusuis
1804 2941 1887 3060 alijs
1908 2945 2072 3063 questio·
2138 3035 2143 3042 ,

444 3061 573 3165 nibus,
603 3059 746 3162 litibus,
780 3051 842 3176 qui
862 3058 945 3170 (sic)
966 3087 1014 3144 ex
1034 3056 1226 3175 premissis
1246 3054 1326 3143 lieri
1348 3071 1506 3174 possent
1526 3072 1633 3174 parte
1662 3089 1710 3146 ex
1729 3051 1851 3148 altera
1872 3062 2072 3152 concordi-

443 3195 503 3268 ter
521 3177 704 3294 assumpti
726 3191 761 3264 et
783 3176 910 3282 electi,
948 3189 1117 3262 nostram
1146 3175 1377 3262 sentenciam
1406 3175 1620 3264 arbitralem
1651 3180 2004 3294 pronuncoiauimus
2034 3183 2072 3268 in

444 3299 544 3384 hunc
564 3293 734 3384 modum:
766 3293 807 3380 ln
829 3295 957 3412 primis
977 3295 1310 3412 pronuncoiamus,
1342 3290 1560 3402 laudamus,
1581 3292 1815 3395 ordinamus,
1837 3298 2069 3402 arbitramur,

443 3414 661 3520 diffinimus,
694 3413 851 3500 dicimos
876 3428 991 3531 atque
1018 3412 1260 3530 precipimus:
1292 3409 1394 3530 quod
1425 3441 1557 3502 omnes
1587 3413 1670 3502 lites
1699 3417 1794 3502 inter
1820 3415 1922 3532 ipsas
1942 3431 2071 3535 partes

443 3531 672 3652 pendentes,
703 3545 778 3618 tam
805 3533 842 3618 in
864 3529 1032 3648 partibus
1053 3531 1135 3641 (sio)
1154 3559 1271 3650 quam
1290 3530 1328 3618 ia
1347 3529 1452 3616 curia
1466 3529 1657 3620 indecisae
1678 3534 1955 3652 extinguimus.
1979 3533 2073 3622 ltem
2205 3557 2226 3593 r

353 3699 356 3706 ·
443 3651 778 3768 pronuncoiamus,
799 3648 1015 3748 laudamus,
1038 3648 1272 3752 ordinamus,
1288 3648 1487 3736 diffinimus
1503 3663 1538 3736 et
1554 3650 1793 3738 arbitramur:
1815 3651 1920 3771 quod
1940 3678 2073 3742 omnes

443 3767 721 3869 controuersia,
751 3766 964 3870 inimicicie,
1004 3765 1346 3884 quomodocunque
1374 3767 1472 3852 inter
1505 3765 1694 3885 predictas
1716 3783 1844 3886 portes
1880 3771 2072 3875 suscitate,

442 3877 724 4004 extingwantur
754 3898 790 3970 et
810 3883 1013 3999 sopiantur.
1058 3882 1151 3969 ltem
1172 3885 1517 4001 pronuncoiamus,·
1540 3883 1753 3991 laudamus,
1781 3891 2072 3991 secundamus,

443 4003 642 4092 diffinimus
664 4017 700 4090 et
719 4001 961 4090 arbitramur:
994 3999 1096 4120 qood
1118 4000 1264 4090 decime
1290 4005 1573 4120 post'araturas
1594 4032 1774 4124 agromm
1794 4003 1941 4123 allodij,
1973 4034 2071 4125 quos

443 4123 593 4210 colebat
622 4121 708 4208 olim
738 4121 939 4209 daroslaus
968 4117 1112 4224 lodex,
1143 4134 1181 4206 et
1200 4149 1304 4207 nuno
1322 4121 1388 4207 sui
1416 4119 1543 4209 colunt
1570 4131 1909 4228 ‘sttcoessores,et
1929 4121 2072 4215 decime

442 4255 531 4359 post
551 4233 724 4328 araturas
745 4267 925 4362 agromm
946 4238 1191 4346 allodialium,
1247 4268 1319 4326 uos
1339 4237 1488 4326 colebat
1509 4237 1655 4347 Lucas,
1686 4257 1723 4330 et
1744 4271 1850 4330 nunc
1866 4240 1991 4330 colunt
2011 4242 2070 4328 sui

442 4387 691 4445 successores
726 4373 816 4473 post
850 4373 994 4474 septem
1015 4385 1191 4461 mansos,
1216 4271 1273 4444 de
1294 4357 1460 4476 quolibet
1480 4357 1635 4446 istorum
1656 4357 1817 4447 duorum
1830 4357 2070 4448 allodiorum:

441 4503 515 4560 nec
535 4507 610 4562 non
631 4477 735 4595 agri,
758 4503 855 4595 quos
877 4475 1072 4562 coluerunt
1092 4473 1389 4592 predecessores
1414 4474 1502 4563 dicti
1522 4473 1661 4564 domini
1681 4477 1820 4567 lacobi
1841 4492 1878 4568 et
1898 4477 1979 4596 ipse
2001 4475 2072 4570 do·

442 4592 562 4679 minus
582 4593 751 4682 lacobus
773 4593 944 4710 extirpati
966 4607 1002 4681 et
1022 4593 1232 4711 extirpandi
1262 4621 1346 4680 oum
1368 4620 1498 4680 eorum
1519 4592 1674 4684 decimis
1696 4588 1905 4713 pertineant
1926 4609 1963 4688 et
1983 4625 2068 4716 per·

542 4857 583 4941 (³)
613 4857 742 4924 Modica
757 4859 823 4926 villa
839 4859 985 4927 territorii
999 4861 1216 4941 Lauoicieusis,
1239 4859 1370 4948 regionis
1386 4859 1593 4945 &aucensis
