4896 5926
1111 729 1361 804 ..u-

1156 1093 1314 1212 xum.
1339 1095 1351 1125 ⁷

801 1365 934 1454 Stare
958 1365 1053 1451 etto
1078 1371 1134 1449 ct
1158 1365 1310 1463 loco,
1338 1385 1494 1450 coreo
1520 1364 1676 1452 1213.

470 1573 622 1646 usco
643 1574 714 1646 ltu
734 1569 885 1661 trrattm
906 1567 1070 1662 pantegra
1087 1565 1243 1666 pertram
1263 1565 1514 1649 Vhtirlrrtuut
1536 1568 1576 1640 et
1598 1585 1659 1642 ιιι
1680 1567 1998 1644 euroaustrum

312 1756 321 1776 ⁸
470 1675 657 1762 merome,
678 1672 841 1746 tractatae
862 1673 896 1744 ct
916 1671 1091 1756 Ιιιιιίιι,
1110 1673 1179 1742 un
1199 1671 1291 1759 petro
1314 1669 1474 1758 ῦιιίιιῖιι,
1494 1669 1579 1744 Itum
1600 1669 1762 1742 motator
1785 1675 1819 1744 ot
1839 1671 1998 1765 bosnec,

530 1845 533 1852 ,
612 1775 735 1850 tamum
756 1773 894 1851 strabo
916 1789 975 1844 sao
997 1769 1230 1862 mammete,
1241 1769 1325 1842 ltere
1348 1770 1495 1866 omenes
1517 1771 1611 1862 tete,
1633 1769 1795 1847 namet
1809 1773 1857 1859 (Ι).

344 1992 355 2011 '
519 2001 561 2090 ln
592 1999 742 2088 nomine
772 2010 905 2088 sancte
934 2012 973 2086 et
992 1993 1179 2084 indiuiduo
1209 1993 1399 2101 trinitatis,
1429 2023 1551 2096 amen.
1603 1981 1738 2109 Quum
1763 2011 1917 2112 propter
1944 1997 2051 2115 longi

419 2120 598 2238 temporis
628 2118 797 2235 spacium
819 2117 1036 2234 plerumque
1057 2142 1133 2203 non
1154 2111 1378 2202 discernitur
1397 2113 1558 2218 falsitas,
1587 2141 1747 2233 gressus
1768 2142 1861 2202 suos
1881 2115 2051 2236 dirigens
2093 2121 2100 2132 '

418 2237 617 2342 indirecte,
631 2235 825 2322 tenebras
847 2235 882 2320 in
905 2235 1025 2320 lucem
1047 2233 1171 2353 erigit:
1193 2243 1231 2318 et
1249 2233 1305 2319 sic
1325 2232 1480 2336 ueritas,
1502 2262 1577 2350 quc
1596 2230 1696 2349 olym
1718 2230 1921 2335 claruerat,
1943 2234 2051 2355 igno-

418 2356 547 2443 rancia
566 2353 738 2442 nubilosa
758 2352 920 2473 caligine
940 2347 1104 2438 inuoluta
1126 2379 1198 2470 sup
1226 2351 1307 2438 rimi
1325 2349 1470 2439 assolet
1489 2367 1527 2438 et
1542 2351 1720 2470 extingui,
1742 2351 1812 2438 nisi
1827 2351 2049 2469 scriptorum

417 2473 625 2562 solennium
657 2471 892 2558 amminiculo
922 2484 1157 2587 suportetur:
1196 2379 1337 2558 lictum
1366 2470 1479 2588 igitur
1501 2467 1568 2556 fiat
1587 2468 1825 2586 presentibus
1852 2485 1889 2557 et
1908 2471 2051 2562 tauns

444 2591 520 2680 uod
541 2621 612 2682 nos
638 2589 788 2678 Lescco
809 2589 891 2702 (sic)
913 2587 974 2676 dei
994 2589 1126 2707 gracia
1147 2587 1224 2675 dux
1244 2587 1491 2695 Siradiensis,
1521 2585 1571 2674 ad
1591 2587 1811 2676 instanciam
1833 2619 1907 2677 non
1928 2592 2050 2679 miuus

416 2625 614 2816 bractam,
645 2737 757 2829 quam
784 2705 980 2829 procidam
1007 2707 1230 2796 venerabilis
1258 2707 1376 2825 patris
1402 2705 1539 2811 nostri,
1570 2704 1709 2794 domiui
1730 2705 2049 2824 Wolimierla·

415 2827 652 2917 dislauiensis
680 2825 855 2915 Ecclesia
885 2823 1087 2945 Episcopi,
1118 2855 1191 2913 nec
1212 2855 1288 2914 non
1307 2827 1425 2943 ipsius
1445 2823 1617 2912 lidelihus
1645 2825 1818 2944 seruicijs
1837 2855 1956 2944 penes
1977 2855 2049 2914 nos

416 2960 454 3034 et
479 2959 633 3034 nostros
658 2947 924 3066 progenitores
951 2943 1280 3047 concurrentibus,
1311 2971 1360 3031 ac
1381 2942 1431 3032 ob
1452 2941 1656 3030 remedium
1677 2959 1891 3032 nostrorum
1913 2973 2048 3061 pecca·

417 3065 570 3171 minum,
595 3093 726 3152 omncs
747 3077 784 3150 et
805 3060 977 3180 singulas
997 3059 1188 3150 libertates
1207 3060 1383 3151 Ecclesia
1402 3059 1741 3168 Wlatlislauieosis,
1763 3078 1839 3151 tam
1858 3065 1895 3150 in
1916 3065 2049 3181 capite,

417 3211 529 3304 quarn
570 3183 607 3270 in
637 3181 814 3269 membris
848 3180 1030 3286 donatas,
1050 3208 1140 3296 per
1169 3177 1347 3266 illustrem
1381 3181 1588 3298 principem
1626 3179 2049 3292 C.(ouradum)‘a'uum

415 3315 604 3407 nostrum,
646 3298 836 3419 quondam
872 3298 1018 3385 Ducem
1052 3293 1259 3403 Cracouie,
1298 3295 1503 3406 Lanchicie
1535 3311 1573 3384 et
1601 3296 1797 3403 Mazouie,
1839 3315 1876 3388 et
1905 3315 2049 3418 patrem

414 3433 582 3508 uosumn
610 3417 880 3531 K.(azimirum)
901 3415 1000 3532 olym
1020 3415 1121 3504 bona
1141 3415 1320 3506 nne-oris
1346 3416 1492 3504 Ducem
1521 3413 1723 3505 Laochicio
1744 3433 1783 3506 ct
1801 3417 1994 3524 Cuiauie,
2011 3433 2051 3505 ct

415 3539 566 3626 tratrem
588 3551 772 3628 nostrum·
786 3533 1052 3623 Zemomislum
1074 3534 1251 3622 illustrem
1280 3535 1425 3630 Ducem
1448 3535 1621 3642 Cuiauie,
1650 3534 1700 3622 ad
1722 3563 1856 3624 monus
1876 3537 2048 3654 premissi

414 3653 552 3742 domini
571 3651 753 3774 Episcopi
774 3652 1003 3740 ratificantes
1024 3651 1310 3760 confirmamus,
1337 3654 1580 3771 promitentes
1600 3652 1722 3741 eirlem
1743 3669 1798 3762 ut,
1830 3657 1862 3742 si
1884 3683 2047 3774 unquam

417 3777 573 3862 &mu
599 3769 650 3860 ad
677 3772 795 3860 nostri
819 3770 980 3858 ducatus
1001 3769 1133 3868 redeat
1152 3773 1347 3875 unitatem,
1378 3773 1585 3889 premissas
1609 3771 1800 3860 libertates
1818 3801 1893 3861 non
1914 3771 2047 3876 solum,

414 3905 456 3978 ut
486 3887 540 4001 ,ad
575 3919 709 3979 manus
744 3890 862 4009 ipsius
897 3890 1214 4008 promiseramus,
1254 3885 1512 3978 inuiolabiliter
1546 3889 1874 3996 conseruobimus,
1916 3919 2047 3980 verum

414 4010 534 4098 eciam
558 4009 758 4100 inuasores
778 4037 926 4114 earum,
956 4020 1088 4094 nostre
1117 4005 1374 4096 munilicencic
1401 4007 1558 4096 dextera
1585 4007 1800 4098 curabimus
1828 4008 2046 4098 cohercere:

414 4157 525 4248 quam
546 4129 834 4246 promissionem
855 4126 904 4214 nu
928 4138 1081 4216 nostros
1102 4126 1290 4245 legitimos
1317 4127 1572 4214 transierimus
1593 4157 1854 4218 successores.
1908 4125 2044 4215 [latum

412 4274 513 4362 anno
534 4247 674 4336 domini
693 4246 752 4334 M⁰
772 4246 855 4334 CCo
877 4241 999 4334 ΙιΧΧο
1019 4245 1148 4352 tercio,
1169 4243 1385 4334 lodiccionc
1405 4245 1534 4363 prima.

513 4528 555 4614 (¹)
585 4531 631 4596 Ex
645 4529 806 4616 archetypo
820 4529 1052 4596 membranaceo
1065 4529 1205 4596 tabularii
1219 4529 1340 4615 capitali
1355 4529 1605 4596 vladislauicosis
1639 4529 1776 4616 sigillum
1790 4531 1822 4596 ia
1837 4529 1937 4597 merliu
1951 4529 2043 4615 hujus

384 4619 389 4626 '
411 4614 531 4681 tabulae
546 4613 678 4680 funiculo
692 4615 788 4680 serico
803 4613 911 4680 coloris
927 4613 1029 4678 viridis
1044 4634 1229 4700 appensum,
1252 4613 1375 4679 dimidia
1411 4623 1476 4680 arta
1491 4615 1622 4693 tessun,
1639 4615 1736 4681 umbe
1747 4613 1876 4702 stanno
1897 4614 1928 4680 io
1942 4613 2044 4682 telrulu
2088 4621 2094 4634 “

312 4781 316 4788 ⁴
412 4701 450 4766 ll.
464 4697 566 4799 operis
587 4699 623 4783 [J.
639 4697 782 4779 Lelewell
803 4697 934 4776 „Nnubi
954 4699 1059 4782 dcince
1075 4701 1241 4785 poanmcot
1260 4697 1368 4765 atate
1416 4701 1422 4744 ³
1573 4698 1590 4724 ”
1611 4698 1743 4766 effictam
1764 4707 1818 4766 cet
1852 4698 2044 4767 Ererbisin

410 4784 524 4852 ambitu
540 4783 688 4869 inscriptis
702 4790 878 4869 superant:-
884 4829 999 4861 ......
999 4785 1028 4847 ir
1042 4783 1092 4848 aa
1102 4805 1170 4869 pen
1185 4783 1270 4848 doeio
1284 4781 1401 4868 sprot*
1435 4783 1533 4867 limum
1546 4782 1666 4851 tabulae
1681 4791 1746 4852 arat
1760 4783 1847 4850 nobis
1868 4783 1905 4850 ad
1921 4803 2043 4850 manum

408 4869 493 4938 aliud
508 4867 700 4958 archetypos,
714 4867 870 4956 paululum
885 4866 1096 4952 orthographia
1110 4866 1148 4932 ab
1163 4865 1220 4932 hoc
1234 4866 1398 4953 examplari
1412 4865 1563 4933 differens.
