4876 5940
1104 1029 1376 1148 oomuur.
1508 941 1511 952 ⁴
1573 1165 1574 1170 ψ

516 1269 793 1368 Bruttiae,
819 1265 1143 1355 0181101339
1169 1269 1264 1356 dle
1289 1270 1365 1358 28
1388 1267 1586 1355 mem&
1613 1267 1962 1375 Septembris·

437 1473 728 1550 lminurffltrtls
742 1474 848 1564 Κίοιο,
865 1473 905 1546 rte
919 1475 1008 1570 runs
1026 1472 1159 1547 dominio
1181 1473 1221 1546 lis
1235 1475 1306 1547 one
1319 1475 1388 1547 erat
1401 1473 1481 1548 inter
1501 1470 1664 1565 nuendum
1678 1471 1836 1546 uirorum
1855 1473 1940 1548 riu
1954 1472 2038 1568 otu·-

338 1607 353 1672 ς
438 1595 499 1672 nm
513 1577 833 1668 mungunoosuer
852 1593 914 1650 nou
926 1573 1581 1773 nffipnmpppppplppfflolpffilppemn,
1602 1573 1789 1668 ejulioilus
1803 1573 1956 1666 origam
1969 1573 2040 1648 luto

538 1905 579 1992 ln
600 1905 747 1992 nomine
767 1900 921 2009 domini,
942 1932 1062 1990 amen.
1092 1899 1175 1990 Nos
1196 1899 1449 2005 Winoenoius,
1464 1899 1699 1989 Castellanus
1719 1903 2041 2015 Storoprorlensr'r,

439 2041 475 2114 et
494 2023 687 2112 lohannes
708 2021 827 2109 dictus
848 2021 1026 2126 Haslaoh,
1048 2051 1115 2137 per
1135 2021 1347 2141 religiosum
1369 2035 1406 2108 et
1421 2019 1620 2108 discretum
1642 2019 1756 2124 virum
1772 2020 1922 2107 lratrem
1943 2017 2040 2108 Ber·

438 2142 577 2233 toldum
599 2140 647 2226 de
666 2147 781 2248 Eudo,
802 2139 941 2228 ordinis
961 2139 1112 2226 fratrum
1133 2155 1262 2227 sancte
1282 2137 1401 2227 llarie
1421 2135 1614 2258 hospitalis
1643 2135 1953 2244 lerosolimitani,
1976 2135 2041 2225 do·

439 2293 521 2348 mus
543 2259 766 2346 thewtunice
793 2261 828 2344 in
850 2287 983 2362 nausa,
1014 2287 1086 2376 que
1107 2259 1200 2344 inter
1228 2255 1433 2374 Nyoolaum
1455 2257 1590 2344 dietum
1610 2253 1720 2342 Bank
1750 2272 1785 2342 et
1811 2259 2040 2374 consangui-

439 2407 532 2466 neos
553 2378 667 2494 ipsius
688 2409 735 2463 ex
756 2393 860 2492 parte
881 2406 973 2478 une,
1004 2391 1039 2462 et
1060 2376 1308 2464 venerabilem
1338 2377 1374 2463 in
1397 2375 1548 2463 Christo
1576 2391 1717 2492 petrem
1746 2371 1934 2461 dominum
1955 2373 2039 2464 Ma·

441 2495 577 2614 thyam,
599 2496 723 2585 diuina
752 2509 789 2581 et
808 2495 1014 2612 apostolice
1036 2493 1138 2582 sedis
1164 2495 1405 2611 prouidenoia
1437 2494 1792 2583 Wladislauiensem
1822 2493 2038 2612 episcopum

439 2630 477 2703 et
496 2615 692 2732 capitulum
713 2615 828 2731 ipsius
858 2629 961 2730 parte
987 2612 1103 2700 altera
1125 2615 1226 2726 (sio),
1254 2643 1368 2731 super
1398 2626 1504 2731 parte
1531 2611 1748 2699 hereditatis
1774 2615 1938 2725 Kydsoo,
1966 2643 2039 2730 que

436 2739 588 2822 Sowrze
616 2732 809 2852 wlgariter
828 2729 962 2818 dieitur
982 2732 1046 2842 (ἵ),
1069 2734 1221 2820 uertitur
1241 2733 1334 2844 (sio),
1355 2732 1499 2850 judices
1521 2729 1702 2852 delegati,
1724 2731 1825 2834 uisis
1846 2727 1980 2818 auditis
2000 2745 2038 2817 et

437 2852 627 2940 intellectis
648 2851 796 2953 iuribus,
817 2851 1111 2968 allegaoionibus
1133 2866 1170 2938 et
1189 2849 1480 2966 probaoionibus
1500 2851 1692 2968 utriusque
1712 2849 1827 2967 partis
1848 2847 1934 2934 hino
1953 2846 2039 2937 inde

436 2970 654 3092 propositis3
676 2971 760 3088 quia
782 2970 1004 3072 inuenimus,
1035 2967 1137 3085 quod
1166 2969 1262 3056 idem
1279 2969 1448 3056 dominus
1470 2969 1674 3086 episeopus
1701 2981 1738 3054 et
1757 2965 1953 3084 capitulum
1974 2997 2038 3055 su·

438 3121 499 3178 um
520 3086 722 3208 predictam
744 3099 886 3204 partem
907 3085 1119 3176 hereditatis
1140 3087 1233 3173 iuste
1254 3089 1367 3174 tenuit
1387 3101 1424 3174 et
1442 3085 1621 3205 possedit,
1638 3098 1675 3171 et
1689 3084 1915 3172 sufficienter
1935 3115 2039 3174 suam

440 3239 527 3296 esse
548 3205 736 3324 probauit;
763 3203 913 3308 ideireo,
935 3203 1078 3292 iusticia
1100 3208 1283 3325 exigente,
1304 3219 1410 3324 perte
1429 3221 1585 3323 utraque
1605 3217 1791 3323 presente,
1812 3201 1873 3291 dei
1893 3205 2042 3292 nomine

436 3329 632 3430 inuocato,
653 3325 885 3412 comunioato
906 3321 1060 3411 oonsilio
1082 3325 1246 3431 militum,
1267 3325 1303 3412 in
1324 3324 1520 3442 presencia
1542 3322 1628 3410 dieti
1649 3321 1925 3412 comendatoris
1946 3319 2040 3412 dilli-

437 3443 574 3536 niendo
596 3443 901 3561 pronunciamu'S,
934 3443 1112 3561 prefatam
1134 3457 1275 3561 partem
1288 3433 1510 3530 'hereditatis
1530 3439 1580 3528 ad
1601 3441 1736 3529 dietum
1757 3439 1943 3529 dominum
1965 3441 2039 3562 epi-

326 3561 330 3571 '
439 3593 596 3680 soopum
617 3577 652 3648 et
668 3560 874 3764 oapitulum
895 3563 1010 3678 ipsius
1031 3563 1226 3680 pertinere.
1266 3562 1516 3650 Absoluentes
1537 3563 1655 3679 ipsum
1684 3559 1871 3648 dominum
1892 3561 2039 3677 episoo·

441 3709 528 3799 pum
549 3696 586 3768 et
605 3681 726 3796 capitu
741 3709 802 3764 um
836 3709 942 3766 suum
978 3680 1028 3767 ab
1047 3681 1279 3798 impetioione
1308 3679 1479 3796 Nyoolay
1501 3678 1692 3767 memorati
1720 3691 1757 3765 et
1775 3707 1928 3766 suorum
1949 3709 2039 3768 eon·

437 3800 739 3920 sanguineorum,
759 3798 848 3915 ipsis
869 3829 983 3916 super
1003 3797 1135 3884 eadem
1157 3813 1263 3916 parte
1282 3797 1492 3885 hereditatis
1507 3812 1724 3916 perpetuum
1740 3795 1941 3884 sillenoium
1958 3796 2038 3910 (sio)

437 3923 669 4038 inponentes.
698 3916 740 4004 ln
763 3919 867 4004 ouius
886 3918 940 4004 rei
962 3917 1218 4022 testinnonium,
1239 3931 1433 4032 presentes
1460 3915 1585 4030 literas
1606 3913 1772 4033 predicto
1793 3913 1943 4002 domino
1963 3915 2038 4032 epi·

435 4069 557 4157 soopo
584 4052 622 4124 et
642 4035 803 4154 capitulo
824 4035 939 4152 ipsius
960 4033 1146 4141 dedimus,
1169 4036 1306 4124 nostris
1327 4033 1458 4155 sigillis
1479 4033 1670 4150 sigillatae.
1703 4033 1836 4120 Actum
1858 4048 1895 4121 et
1911 4031 2038 4120 datum

440 4161 626 4256 inBrest,
649 4155 765 4248 indie
786 4155 905 4242 saneti
925 4153 1166 4276 Wenoeslay,
1194 4184 1293 4242 anno
1315 4153 1452 4240 domini
1473 4151 1663 4240 millesimo
1695 4153 1955 4240 trecentesimo
1975 4151 2038 4239 tri·

437 4277 577 4364 oesimo
608 4305 720 4362 nono.
758 4272 1000 4360 Prosentibus
1021 4272 1190 4361 diseretis
1217 4273 1315 4362 viris:
1335 4272 1508 4361 lohanne
1535 4269 1855 4374 Wladislauiensi,
1882 4269 2037 4359 Alberto

437 4393 642 4498 Brestensi,
663 4392 852 4511 palatinis;
871 4393 1042 4480 lohanne
1075 4389 1394 4494 Wladislauiensi,
1430 4387 1698 4510 Nasengneuo,
1719 4387 1818 4477 dioto
1839 4387 2037 4493 Colaozelr,

536 4677 576 4761 (¹)
595 4677 642 4745 Ex
655 4675 811 4777 opelretypo
832 4677 1058 4745 membranaceo
1076 4675 1212 4744 tabularii
1237 4675 1357 4764 capituli
1381 4674 1648 4742 Wlerlislauiensis.
1677 4672 1826 4741 Taouiolis
1845 4673 2034 4762 pergamenis

440 4761 942 4936 aplmlll)dllirlrlrgllli!llaeliellitorii
956 4847 1188 4936 Bydgostionsis,
1203 4847 1333 4933 regionis
1348 4835 1759 4956 veroyluniwlodielouiensis.
