4876 5940
1104 693 1277 792 -''mu
1334 757 1380 772 -

294 993 301 1035 ,
424 923 588 1027 incultis,
613 901 848 1026 nemoribus,
876 919 998 1026 siluis,
1026 921 1232 1039 quercetis,
1259 919 1430 1036 pascuis,
1460 919 1596 1034 pratis;
1616 919 1705 1034 jura
1726 933 1764 1006 et
1785 917 2057 1026 iurisdiciones

288 1044 298 1148 l
424 1071 631 1158 omnesque
661 1039 830 1126 actiones
858 1037 1100 1155 personales,
1135 1037 1259 1125 reales
1289 1053 1403 1156 atque
1429 1037 1589 1140 mixtas,
1622 1068 1695 1156 que
1724 1051 1763 1122 et
1790 1067 1887 1154 quas
1918 1037 2059 1126 habere

423 1173 550 1280 potest
568 1159 604 1246 in
626 1155 802 1275 predictis
823 1155 1091 1244 hereditatibus
1111 1155 1160 1242 ad
1183 1155 1412 1260 habendum,
1437 1154 1660 1259 tenendum,
1691 1154 1982 1272 possidendum,
2011 1171 2059 1260 et,

452 1276 602 1396 uicquid
634 1275 705 1364 sibi
736 1289 774 1362 et
793 1277 872 1361 suis
893 1275 1182 1364 successoribus
1204 1273 1383 1390 deinceps
1405 1273 1603 1390 placuerit,
1632 1289 1815 1391 perpetuo
1836 1272 2061 1362 laciendum.

422 1310 647 1485 biberamus
677 1399 801 1480 autem
831 1391 976 1480 incolas
998 1391 1250 1511 predictarum
1273 1391 1519 1480 hereditatum
1538 1393 1587 1478 ab
1609 1395 1781 1480 omnibus
1803 1391 2060 1482 solucionibus

424 1530 462 1603 et
482 1513 760 1614 exactionibus,
788 1543 861 1629 que
889 1527 1019 1599 nostro
1041 1511 1206 1599 dominio
1228 1510 1473 1598 dinoscuntur
1494 1512 1698 1624 pertinere,
1731 1540 1970 1629 quocumque
1991 1539 2060 1597 no·

424 1635 521 1720 mine
543 1643 788 1719 censeantur:
820 1644 857 1717 et
876 1629 1105 1766 generaliter
1125 1629 1305 1734 dicendo,
1335 1628 1523 1746 predictas
1545 1627 1772 1716 hereditates
1793 1629 1938 1746 prelato
1958 1627 2061 1715 militi

423 1766 557 1840 nostro
588 1749 722 1836 damus
752 1777 837 1833 cum
859 1747 1002 1834 eusdem
1024 1747 1185 1853 iuribus,
1216 1745 1467 1854 libertatibus,
1498 1747 1773 1851 soluciooibus,
1805 1747 2062 1864 prouentibus,

424 1867 640 1959 utilitatibus
670 1865 873 1972 uniuersis,
906 1864 1222 1984 quemadmodum
1244 1895 1316 1952 nos
1343 1867 1379 1952 in
1400 1864 1543 1951 eisdem
1564 1863 1831 1952 hereditatibus
1851 1864 2060 1952 habuimus

424 1987 644 2076 Exemimus
665 1985 748 2095 (sic)
774 1999 899 2070 autem
921 1985 1066 2072 incolas
1087 1983 1339 2101 predictarum
1360 1982 1604 2072 hereditatum
1626 2014 1649 2071 a
1670 1985 1852 2100 palatino,
1880 2014 1903 2071 a
1925 1981 2061 2071 castel·

425 2106 536 2212 lano,
571 2135 594 2190 a
628 2103 743 2190 castri
775 2103 983 2212 citacione,
1024 2103 1072 2188 ab
1105 2131 1234 2189 eorum
1266 2101 1505 2190 iurisdicione
1541 2115 1577 2190 et
1609 2101 1815 2208 iudicibus,
1853 2100 1956 2222 quod
1985 2131 2062 2189 non

426 2221 699 2340 comparebunt
734 2247 862 2306 coram
896 2221 951 2306 eis
984 2220 1103 2322 citati,
1139 2249 1212 2306 neo
1243 2219 1546 2338 respondebunt,
1583 2233 1643 2308 set
1673 2220 1767 2332 (sic)
1803 2217 2062 2310 tantummodo

427 2369 557 2430 coram
579 2337 706 2442 nobiS,
736 2337 823 2422 dum
845 2367 914 2456 per
935 2339 1075 2425 litteras
1096 2353 1247 2425 nostras
1274 2339 1407 2424 luerint
1427 2341 1592 2445 euocati,
1623 2351 1711 2425 tunc
1732 2337 2006 2458 comparebunt
2025 2349 2063 2424 et

425 2457 720 2576 respondebunt.
778 2454 981 2544 Utautem
1011 2455 1083 2542 hec
1117 2471 1190 2542 tam
1223 2455 1441 2572 sollempnis
1472 2471 1601 2544 nostra
1636 2456 1817 2564 donacio,
1855 2455 1903 2544 de
1933 2471 2062 2545 nostre

424 2575 527 2664 bona
548 2573 739 2663 voluntate
767 2571 929 2692 legitime
955 2575 1076 2680 lacta,
1107 2573 1224 2661 robur
1245 2573 1407 2660 obtineat
1429 2590 1609 2693 perpetue
1629 2573 1832 2681 lirmitatis,
1863 2589 2062 2692 presentes

426 2693 614 2782 conscribi
650 2693 825 2799 lecimus,
863 2707 900 2778 et
931 2693 1042 2812 sigilli
1078 2694 1194 2780 nostri
1231 2691 1428 2780 munimine
1464 2693 1647 2780 roborari.
1710 2693 1954 2782 Presentibus
1989 2691 2063 2810 hijs

424 2811 603 2901 testibus:
638 2809 788 2897 loliano
820 2809 986 2928 palatino
1020 2813 1230 2916 swecensi,
1268 2809 1428 2898 Cesslao
1449 2809 1543 2924 (sic)
1576 2811 1803 2899 cancellario
1834 2809 2063 2928 cuyauiensi,

426 2927 549 3018 Paulo
580 2927 787 3016 castellano
818 2929 1027 3035 sweoensi,
1057 2927 1221 3047 Bogusa
1243 2927 1364 3015 iudice
1389 2929 1636 3038 Pomoranie,
1667 2927 1843 3020 Johanne
1863 2927 2061 3017 subcame-

426 3049 528 3135 rario
558 3045 812 3135 Tarsouiensi.
869 3042 1003 3133 Actum
1034 3075 1135 3132 auno
1163 3045 1303 3133 domim
1332 3045 1390 3132 M⁰
1419 3047 1467 3134 C⁰
1495 3047 1606 3134 C⁰C
1652 3061 1801 3137 octauo.
1857 3045 1995 3134 Datum
2026 3047 2063 3134 in

430 3169 633 3299 Graccum,
665 3161 784 3282 pridie
815 3161 999 3251 kalendas
1027 3161 1146 3282 lunij,
1177 3193 1248 3283 per
1277 3195 1412 3252 manus
1441 3163 1627 3254 lobannis
1657 3165 1944 3286 subcancellarij
1977 3195 2063 3254 cra·

429 3313 630 3372 comensis.

1184 3481 1315 3634 oon.

601 3887 604 3892 Ι
684 3763 1024 3864 cracoviae,
1051 3785 1206 3854 anno
1232 3765 1387 3854 1:3⁰8
1413 3788 1599 3854 mense
1623 3771 1819 3856 uento.

250 3949 291 3965 ”
429 3966 741 4042 mantalam
758 3965 941 4059 (tabam)
962 3969 1033 4041 bur
1046 3968 1227 4056 hamata
1249 3969 1460 4044 antonna
1474 3975 1534 4045 otc.
1549 3975 1677 4060 raupta
1689 3973 1942 4064 acupentu
1956 3989 1977 4046 r
1991 3971 2063 4050 aa·
2199 3979 2208 3995 “

428 4071 539 4148 vurta
562 4068 717 4164 miron
738 4069 1006 4160 numanam,
1031 4071 1442 4266 “luadpllbblnlllllm'
1466 4075 1587 4144 Plena
1611 4075 1679 4150 utra
1701 4077 1822 4156 Boeo,
1851 4077 1886 4150 ot
1905 4077 2064 4149 eoum

531 4391 576 4482 lu
601 4395 751 4484 nomine
777 4393 935 4504 domini,
965 4426 1087 4486 amen.
1139 4395 1328 4511 Quoniam
1350 4428 1415 4506 ea,
1446 4430 1521 4517 que
1547 4399 1762 4520 frequenter
1787 4401 1952 4522 legitima
1975 4412 2065 4490 acta

432 4525 530 4617 sunt,
550 4512 821 4632 longinquitate
841 4515 1022 4635 temporis
1040 4517 1320 4624 interueniente,
1342 4549 1416 4637 que
1437 4533 1556 4607 mater
1575 4535 1634 4608 est
1654 4520 1869 4626 obliuionis,
1895 4547 1920 4606 a
1940 4517 2064 4606 multis

432 4797 504 4914 funi·
546 4760 831 4914 ssgpffllggdotgpg
839 4765 1071 4917 ffbnplglmm
1085 4767 1223 4836 tobultrii
1237 4768 1358 4858 capitdi
1378 4768 1647 4838 Wladialuriausit.
1682 4768 1778 4858 Sigilli
1792 4769 1912 4859 dirupti
1926 4775 2065 4857 matut
