4876 5940
1026 721 1194 830 -nct
1253 761 1298 776 -

349 925 529 1013 declarati
550 921 784 1014 decreuimus
805 955 892 1014 esse
912 923 1145 1039 mittendum,
1197 924 1265 1012 Cui
1286 925 1404 1012 eciam
1425 923 1660 1044 corporalem
1685 926 1967 1042 possessionem

348 1075 416 1132 seu
437 1059 599 1132 tenutam
619 1043 784 1160 ipsorum
801 1043 997 1150 bonorum,
1012 1043 1184 1134 videlicet
1203 1045 1238 1130 in
1253 1051 1451 1158 Lubymou
1473 1060 1510 1132 et
1529 1043 1622 1136 villis
1643 1045 1897 1162 spectantibus
1918 1045 1969 1135 ad

349 1171 558 1278 Lubyssom
590 1165 624 1250 in
650 1168 875 1260 Sclelloncz
896 1179 933 1251 et
962 1164 997 1250 in
1017 1168 1226 1277 Nemoycw,
1252 1161 1576 1252 Wladislaulensis
1598 1159 1795 1277 dyoceslS,
1827 1165 1910 1251 item
1932 1166 1967 1254 in

350 1290 534 1396 Zaposcr,
555 1283 592 1370 in
610 1287 835 1390 Jonusour'cz
856 1296 892 1368 et
912 1283 947 1368 in
977 1287 1217 1382 ll’losczowa,
1250 1311 1296 1368 ac
1317 1282 1399 1398 alijs
1420 1283 1513 1370 villis
1534 1282 1583 1368 nd
1605 1289 1772 1394 anoscz
1793 1299 1968 1401 spectan-

348 1403 446 1490 tibus
463 1399 516 1512 (ἲ),
538 1405 792 1502 craoouiensis
809 1401 998 1518 dyocesis,
1021 1431 1089 1519 per
1109 1417 1235 1490 certos
1251 1420 1474 1490 executores
1490 1403 1643 1488 lecimus
1660 1404 1858 1522 assignari.
1892 1403 1990 1490 Ve-.

349 1553 429 1609 rum
452 1521 538 1640 quia
560 1521 690 1637 prelati
712 1519 996 1608 commendator
1016 1536 1053 1608 et
1072 1521 1206 1608 iratres
1235 1517 1283 1607 de
1307 1527 1522 1634 Lubyssctc,
1554 1551 1602 1608 ac
1621 1517 1808 1638 Magister
1827 1521 1968 1611 ordinis

349 1669 498 1746 eorum,
530 1655 617 1760 post
644 1637 780 1726 dictam
812 1641 1024 1728 missionem
1053 1640 1124 1726 iam
1155 1637 1415 1728 inlraannurn
1437 1635 1679 1760 etamplius,
1711 1641 1746 1726 in
1776 1670 1845 1729 sua
1877 1672 1969 1729 con·

348 1760 508 1848 tumaoia
540 1773 785 1876 perseuerant
816 1789 887 1848 nec
921 1759 1140 1846 caucioncm
1176 1756 1330 1875 parendi
1366 1759 1433 1846 iuri
1474 1788 1602 1846 coram
1622 1757 1752 1868 uobis,
1796 1775 1860 1848 aut
1881 1791 1967 1878 per·

349 1883 454 1966 sonis
480 1877 675 1964 autenticis
703 1878 881 1966 exhibere
910 1877 1106 1966 voluerunt
1126 1875 1319 1996 plurimum
1340 1879 1543 1998 expectati,
1575 1909 1656 1982 noS,
1677 1876 1726 1966 ad
1748 1881 1968 1996 peticionem

348 1999 481 2118 prelati
502 1995 643 2086 domini.
662 1997 831 2116 episcopi
854 1995 1198 2100 Wladislauiensis,
1229 1997 1404 2116 exigente
1430 1995 1591 2102 iusticia,
1613 1997 1648 2084 in
1670 2027 1796 2086 veram
1817 2029 1969 2117 posses

348 2119 492 2205 sionem
522 2113 705 2204 dicturum
732 2115 918 2205 bonorum
944 2117 1064 2234 ipsum
1093 2114 1281 2204 dominum
1310 2117 1529 2235 episcopum
1560 2117 1704 2209 mittere
1737 2115 1969 2222 intendimus,

349 2237 439 2324 iuris
460 2233 592 2325 ordine
612 2235 648 2322 in
670 2237 842 2336 omnibus
862 2233 1076 2324 obseruate.
1118 2231 1311 2348 Quocirca
1332 2233 1558 2324 discrecioni
1579 2247 1725 2342 vestre,
1750 2237 1969 2326 auctoritate

348 2354 569 2472 apostoliea,
591 2354 661 2442 sdb
682 2386 779 2474 pene
802 2355 1185 2460 excomunicacionis,
1206 2385 1317 2472 quam
1339 2355 1375 2441 in
1397 2383 1466 2442 vos
1488 2355 1523 2442 in
1544 2354 1616 2472 hijs
1637 2356 1787 2474 scriptis
1808 2355 1969 2464 lerimus,

349 2473 381 2563 si
402 2489 585 2580 nostrum,
616 2503 703 2590 ymo
733 2476 857 2560 verius
885 2473 1133 2590 apostolicum
1164 2471 1376 2560 mandatum
1408 2475 1724 2589 contempseritis
1756 2489 1819 2562 aut
1839 2475 1970 2588 negle-

349 2594 474 2680 xeritis
495 2590 720 2710 adimplere,
751 2591 980 2710 iniungendo
1001 2587 1240 2697 mandamus,
1272 2603 1456 2710 quatenus
1475 2590 1703 2678 accedentes
1724 2593 1971 2710 personaliter
2023 2681 2028 2688 ,

348 2710 399 2800 ud
422 2710 611 2826 predictos
633 2707 976 2798 commendatorem
998 2724 1034 2796 et
1054 2709 1188 2796 iratres
1209 2707 1258 2796 de
1278 2713 1478 2824 Lobysson
1494 2735 1542 2794 ac
1558 2709 1776 2826 magistrum
1794 2711 1970 2824 ipsorum,

350 2831 381 2918 si
412 2831 460 2916 ibi
490 2829 642 2917 inueniri
671 2831 825 2948 poterit,
855 2829 960 2946 ipsos
985 2859 1065 2940 ,uno
1087 2825 1301 2946 edictopro
1323 2827 1439 2914 tribus
1460 2829 1684 2943 peremtorie
1709 2829 1846 2936 citetis,
1869 2827 1969 2946 quod

349 2977 479 3038 coram
509 2949 618 3039 nobis
640 2950 675 3036 in
696 2953 901 3053 Pannonio,
922 2947 1093 3068 sequenti
1114 2945 1175 3034 die
1196 2945 1294 3034 beati
1316 2945 1510 3050 dominici,
1542 2947 1604 3064 qui
1634 2960 1694 3035 est
1714 2963 1851 3038 octeno
1879 2947 1970 3037 ldus

349 3068 533 3188 Augusti,
565 3099 717 3186 perse,
748 3067 806 3156 uel
828 3099 896 3187 per
917 3079 1198 3186 procuratorem
1219 3064 1417 3182 ydoneum,
1447 3081 1710 3184 compareant,
1741 3069 1971 3156 sentenciam
2040 3173 2046 3180 .

350 3202 516 3276 nostram
538 3187 725 3278 missionis
746 3187 782 3274 in
803 3217 930 3274 veram
952 3187 1233 3306 possessionem
1256 3187 1421 3304 ipsorum
1442 3183 1624 3294 lionorum
1646 3183 1882 3274 exsecando
1904 3185 1971 3274 de·

350 3321 454 3396 creto
475 3303 633 3394 finaliter
653 3305 822 3395 audituri.
884 3305 1058 3424 Alioquin
1079 3325 1151 3393 nos
1171 3305 1206 3391 in
1228 3305 1312 3420 ipso
1334 3305 1516 3425 negocio,
1547 3333 1677 3393 eorum
1697 3305 1876 3404 absencia
1895 3334 1970 3394 non
2056 3344 2060 3352 ·

277 3459 282 3470 ·
350 3425 545 3532 obstante,
577 3439 687 3544 prout
718 3425 765 3514 de
787 3427 865 3512 iure
889 3421 1104 3512 laciendum
1134 3419 1258 3530 luerit,
1289 3422 1552 3542 procedemus.
1614 3423 1719 3511 Diem
1740 3439 1863 3512 autern
1884 3426 1971 3512 cita-

351 3545 481 3648 cicnis,
502 3557 539 3632 et
566 3542 745 3664 quidquid
767 3558 872 3632 extra
890 3541 930 3654 id
951 3543 1132 3646 feceritis,
1164 3542 1272 3631 nobis
1292 3572 1361 3661 per
1382 3559 1530 3630 vestras
1551 3541 1691 3632 litteras
1712 3542 1870 3632 lideliter
1891 3543 1971 3632 inti-

350 3663 469 3753 metis.
530 3659 642 3750 Hanc
662 3663 771 3751 nobis
792 3662 1075 3750 nichilhominus
1106 3662 1188 3774 (sic)
1218 3662 1355 3751 vestris
1375 3661 1506 3780 sigillis
1526 3661 1705 3780 appensis
1725 3663 1880 3751 litteram
1910 3693 1971 3749 re·
2065 3687 2071 3697 “

351 3781 546 3871 mittentes.
608 3781 744 3870 Datum
773 3783 808 3868 in
835 3787 1015 3884 Brescze,
1047 3783 1175 3898 quinto
1204 3811 1325 3870 nonas
1352 3781 1458 3900 lulij,
1488 3810 1588 3872 anno
1618 3782 1756 3871 domini
1778 3782 1970 3869 millesimo
2033 3855 2066 3898 .-

352 3901 615 3992 trecentesimn
637 3903 815 3992 vicesimo
836 3903 966 4020 primo.

453 4218 487 4304 p)
509 4217 574 4322 pa.
587 4219 1085 4320 aunauacnxxvpmrmn
1099 4191 1447 4372 remandaremus
1461 4217 1548 4285 enne
1562 4219 1728 4285 armum
1742 4217 1972 4319 promotum
1997 4183 2003 4188 ’
2035 4196 2040 4208 ’

351 4307 793 4474 &emmingopepppnppt
806 4327 836 4370 m
850 4313 1001 4372 terrrtortc
1015 4312 1046 4372 et
1060 4325 1183 4416 regione
1199 4305 1226 4371 tt
1268 4325 1360 4383 cenn,
1374 4311 1405 4371 ct
1418 4305 1627 4384 nutamus,
1640 4325 1721 4372 nunc
1736 4303 1880 4392 cpprdum
1894 4324 1971 4391 epus·
