4926 5940
1070 673 1346 786 --nrn-¹

398 912 533 1005 oendis
560 914 717 1002 testibus
744 927 783 1000 et
808 913 891 1030 alijs
918 873 1213 1030 probaoionibus
1241 913 1277 999 in
1293 871 1443 999 'causa'
1465 909 1611 998 decime
1649 911 1819 1029 predicte
1852 912 2023 1002 duximus

394 1031 702 1238 pgorogandum,
725 1046 762 1118 et
781 1059 1036 1150 prorogamus
1057 1027 1126 1148 per
1146 1045 1343 1148 presentes
1374 1030 1467 1116 inlra
1490 1028 1632 1116 binozet
1651 1029 1786 1116 festum
1809 1029 1967 1150 Philippi
1989 1045 2027 1120 el

446 1150 532 1238 eobi
550 1149 808 1266 apostolorum
833 1179 933 1237 nunc
952 1150 1161 1236 affuturum.
1209 1147 1438 1234 Mandanes
1458 1147 1571 1264 igitur
1591 1147 1716 1253 vobis,
1748 1161 1932 1266 quatenus
1953 1179 2022 1238 uo·

398 1268 493 1358 catis
513 1266 563 1353 ad
585 1283 748 1355 vestram
769 1267 1003 1385 presenciam
1023 1267 1199 1370 testibus,
1232 1296 1329 1384 quos
1351 1266 1515 1384 prelatus
1536 1264 1708 1352 dominus
1729 1267 1943 1382 prepositus
1975 1267 2026 1354 ad

314 1461 318 1466 .
396 1383 634 1504 probandum
665 1415 772 1472 suam
801 1384 1047 1472 intencionem
1077 1383 1256 1471 inducere
1280 1383 1456 1486 voluerit,
1487 1383 1615 1499 ipsos,
1656 1383 1817 1499 prestitis
1858 1383 2026 1500 primitus
2144 1469 2154 1480 ,

398 1533 470 1622 per
489 1532 559 1590 eos
580 1502 629 1588 de
651 1502 812 1590 dicenda
827 1497 988 1590 ueritate
1018 1501 1536 1618 corporalibus'inramentiS,
1558 1499 1767 1616 recipiatis,
1788 1513 1835 1606 et,
1859 1503 2025 1618 ipsorum

396 1621 547 1710 testium
566 1617 871 1737 deposicionibns
893 1621 1117 1737 conscriptis
1137 1649 1185 1706 ao
1206 1617 1500 1735 probacionibus
1521 1616 1603 1733 alijs
1622 1619 1802 1736 receptis,
1831 1649 1878 1704 ne
1900 1617 1949 1706 de
1963 1620 2026 1735 ju-

396 1745 442 1826 re
461 1737 561 1826 dicte
581 1736 728 1824 decime
758 1736 946 1825 dubitetur
973 1736 1137 1838 diucius,
1171 1736 1273 1854 quod
1295 1738 1429 1822 iustum
1458 1735 1585 1821 luerit:
1615 1749 1769 1822 seruata
1789 1748 1912 1822 tamen
1934 1765 2026 1823 eon·

399 1853 531 1943 cordia
551 1885 666 1972 super
686 1854 895 1944 huiusmodi
926 1852 1073 1941 decima
1093 1854 1239 1941 babila:
1272 1853 1504 1956 decernatis,
1534 1853 1734 1955 facientes,
1768 1852 1870 1971 quod
1891 1851 2026 1940 decre·
2087 1927 2089 1930 .

399 1972 545 2077 ueritiS,
566 2001 855 2088 percensuram
876 1972 1170 2062 ecclesiasticam
1202 1971 1412 2089 apartibus
1426 2045 1427 2048 r
1440 1969 1600 2060 firmiter.
1623 1967 1829 2058 obseruari.
1890 1969 2027 2060 Testes

396 2089 518 2201 v(ero,
540 2089 615 2206 qui)
636 2091 812 2177 nominati
832 2090 983 2194 luerint,
1005 2091 1039 2176 si
1059 2121 1103 2178 se
1122 2091 1274 2208 gracia,
1297 2088 1384 2177 odio
1405 2087 1464 2175 uel
1484 2089 1615 2174 loucre
1636 2087 1905 2190 subtraxerint,
1936 2119 2026 2176 cen-

362 2263 366 2268 ·
398 2235 490 2294 sura
506 2206 616 2294 simili
636 2209 786 2324 cogatis
818 2207 1014 2319 velritatis)
1044 2207 1291 2294 testimoninm
1313 2205 1521 2324 perbibere.
1566 2204 1701 2294 Datum
1723 2207 1760 2306 in
1780 2203 1867 2293 villa
1887 2201 2026 2322 Bnijnlj
2158 2291 2163 2298 .

396 2352 519 2440 prope
537 2329 760 2434 Ppotrlcow‚
782 2324 943 2409 sabbato
962 2323 1046 2438 ipso
1067 2321 1128 2416 die
1150 2387 1159 2408 .
1182 2387 1191 2408 .
1214 2388 1224 2408 .
1246 2388 1256 2408 .
1281 2327 1339 2409 cie
1359 2324 1526 2440 virginis,
1548 2352 1649 2411 anno
1671 2322 1811 2410 domini
1832 2322 2026 2410 millesimo

401 2438 776 2560 quadringentesimo
798 2439 988 2527 tricesimo
1011 2437 1201 2536 secundo,
1233 2452 1365 2526 nostro
1386 2438 1457 2524 sub
1478 2437 1614 2555 sigillo.

502 2555 653 2669 Quibus
674 2555 823 2672 quidam
844 2555 1081 2645 comissionis
1102 2556 1216 2642 literis
1236 2555 1345 2642 nobis
1365 2555 1608 2672 presentatis,
1642 2584 1689 2642 ac
1710 2585 1779 2672 per
1799 2586 1875 2644 nos
1894 2587 2023 2674 recep·
2183 2562 2188 2574 '

399 2674 459 2782 lis,
486 2703 558 2790 pro
587 2688 695 2788 parte
723 2675 856 2792 prelati
883 2673 1021 2761 domini
1043 2671 1254 2776 Wladislai,
1292 2673 1471 2790 prepositi
1492 2671 1746 2774 lanciciensis,
1775 2674 1910 2760 luimus
1940 2703 2025 2762 cum

399 2789 526 2878 debita
546 2791 728 2878 instancia
749 2791 935 2909 requisiti,
954 2803 1143 2909 'quatenus
1164 2790 1213 2876 ad
1235 2791 1499 2876 execucionem
1521 2789 1771 2905 predictarum
1793 2793 2027 2880 commissio·

236 2945 245 2958 *
400 2909 460 2996 nis
481 2907 673 2994 literarum
694 2907 923 3024 procedere,
954 2923 991 2994 et
1019 2909 1145 2994 literas
1166 2909 1390 2994 oitacionum
1411 2909 1652 2993 necessarias
1683 2923 1816 2998 contra
1837 2925 1874 2994 et
1894 2908 2027 2995 aduer-

399 3055 469 3114 sus
489 3025 740 3112 wenerabiles
770 3025 954 3110 decanum
978 3055 1033 3128 ‚ao
1060 3026 1261 3139 capitulum
1291 3025 1516 3109 lanciciense
1546 3022 1754 3111 decernere
1786 3025 2029 3141 dignaremur

259 3137 264 3148 ’
400 3139 498 3254 (sio);
530 3169 625 3260 quas
647 3143 717 3230 sibi
736 3141 818 3228 lieri
839 3139 1093 3246 decredimus,
1115 3169 1163 3226 ao
1182 3140 1349 3255 prelatos
1370 3137 1543 3226 dominos
1564 3139 1749 3252 decanum
1771 3155 1807 3226 et
1828 3139 2028 3256 capitulum

399 3257 629 3358 lanciciense
658 3257 709 3344 ad
740 3273 882 3346 certum
909 3257 1065 3344 lecimus
1101 3259 1294 3344 terminum
1320 3259 1472 3344 euocari
1504 3272 1799 3374 competentem,
1831 3259 1944 3344 certis
1966 3257 2027 3346 die

401 3388 442 3464 et
459 3375 547 3464 looo
578 3373 629 3460 ad
659 3374 858 3463 dicendum
890 3388 929 3460 et
948 3373 1236 3492 opponendum,
1266 3376 1298 3460 si
1319 3373 1408 3490 quid
1438 3389 1569 3461 contra
1598 3375 1809 3462 huiusmodi
1831 3376 2027 3462 comissio-

400 3521 488 3580 nem
508 3491 618 3582 nobis
639 3491 831 3608 dureotam
853 3491 935 3604 (sic)
957 3493 1085 3580 dicere
1105 3507 1169 3580 aut
1195 3521 1390 3608 opponere
1417 3490 1555 3578 vellent
1574 3493 1693 3580 verbo
1724 3493 1784 3578 uel
1811 3493 1846 3579 in
1868 3493 2026 3610 scriptis,

401 3608 543 3698 eisdem
573 3611 790 3729 assignatis.
841 3609 934 3723 Quo
954 3611 1112 3698 termino
1136 3610 1341 3714 veniente,
1369 3607 1535 3694 discreto
1555 3607 1717 3696 Nicolao
1738 3608 1787 3696 de
1815 3613 2027 3722 Wonpleze-

400 3756 459 3814 wo
480 3723 560 3837 (⁴),
580 3741 827 3844 procuratore
848 3742 884 3814 et
905 3728 1167 3844 procuratorio
1197 3727 1348 3814 nomine
1376 3726 1509 3842 prelati
1529 3727 1767 3814 uenerabilis
1797 3728 1867 3814 viri
1888 3727 2027 3814 domini

400 3840 622 3953 Wladislai,
644 3846 824 3963 prepositi
845 3844 1102 3952 lanciciensis,
1134 3844 1183 3930 de
1205 3847 1311 3932 cuius
1340 3846 1624 3959 procuracionis
1652 3844 1828 3931 mandato
1849 3846 1946 3932 lacta
1968 3860 2027 3932 est

399 3959 512 4076 plena
530 3960 627 4051 fides
648 3995 717 4080 per
737 3965 918 4084 legittima
938 3961 1185 4068 documenta,
1216 3977 1253 4048 et
1272 3961 1562 4048 uenerabilibus
1583 3961 1758 4047 dominis:
1789 3960 2027 4081 Sandiuogio

400 4073 569 4182 decano,
599 4077 759 4166 Nicolao
781 4093 955 4180 cantore,
976 4093 1014 4164 et
1031 4079 1180 4168 Jacobo
1200 4076 1476 4190 Marakowslry
1501 4078 1705 4184 canonico,
1726 4076 2025 4186 lanciciensibus,

399 4191 550 4281 nomine
584 4195 733 4307 capituli
767 4194 1006 4281 lanciciensis
1034 4194 1137 4280 circa
1162 4193 1361 4282 ecclesiam
1387 4191 1650 4282 lanciciensom
1687 4194 1942 4314 collegiatam,
1988 4196 2026 4284 in

403 4308 509 4398 curia
537 4307 849 4430 archiepiscopali
889 4311 926 4398 in
951 4308 1163 4399 huiusmodi
1192 4337 1311 4398 causa
1331 4311 1449 4398 nobis
1477 4311 1772 4429 presidentibus,
1802 4311 2026 4430 judicialiter

400 4427 726 4534 conterentibus,
757 4429 1099 4548 comissionemque
1128 4427 1341 4516 huiusmodi
1361 4419 1534 4516 bin‘cinde
1553 4431 1869 4546 approbantibus,
1899 4432 2024 4547 prela·

400 4555 462 4634 tus
480 4456 662 4635 dicolaus
682 4545 732 4633 de
761 4551 1028 4659 Wonqlezeuo,
1062 4561 1289 4664 procurator
1316 4545 1473 4666 predicti
1503 4545 1640 4636 domini
1660 4550 1862 4667 prepositi,
1893 4550 2022 4668 petiuit

501 4762 543 4902 p)
569 4811 739 4903 nepem
752 4813 1167 4902 nuenarianam
1180 4811 1378 4887 conranni.
1823 4913 1874 4973 w*
1925 4847 1927 4850 ,
