4926 5940
1055 769 1225 844 -oot
1296 807 1330 822 -

935 1097 939 1106 ’
1034 1065 1318 1191 ccccxl.

495 1259 498 1267 ¹
532 1304 853 1404 Brodntce,
879 1323 1036 1392 anno
1051 1303 1203 1425 1424
1220 1301 1316 1390 otte
1330 1303 1404 1394 10
1419 1303 1621 1390 menete
1637 1303 1859 1408 mte-

247 1467 253 1480 ’
374 1505 684 1582 wenerannus
704 1507 774 1581 nex
792 1505 939 1582 rotano
959 1508 1210 1582 enmono
1223 1503 1337 1582 nean
1356 1507 1489 1582 sonno
1514 1505 1657 1602 apuam
1675 1505 1948 1584 meoeunmu
1966 1507 2009 1584 n·

709 1609 782 1682 nen
795 1626 903 1685 uon
917 1614 1037 1684 mnan
1050 1613 1126 1684 ente
1141 1607 1289 1700 oppium
1305 1607 1393 1680 Sota
1407 1609 1503 1684 ritem
1517 1609 1615 1686 mont
1629 1611 1680 1700 vt

477 1798 520 1887 ln
540 1799 689 1888 nomine
709 1797 866 1906 domini,
888 1829 1009 1888 amen.
1037 1799 1100 1888 nd
1121 1811 1340 1920 perpetuam
1361 1803 1417 1888 rei
1437 1802 1667 1890 memoriam.
1698 1798 1799 1916 Quia
1814 1801 2009 1889 tuncmul·

359 1919 422 2004 'tis
452 1947 623 2006 errorum
644 1933 681 2006 et
701 1918 896 2006 dubiorum
917 1919 1122 2036 prudenter
1143 1919 1377 2008 occurrimus
1397 1917 1627 2023 incomodis,
1656 1919 1744 2008 dum
1765 1931 1877 2038 gesta
1898 1920 2008 2008 etatis

376 2049 506 2122 nostre
535 2033 737 2122 litterarum
767 2037 939 2154 apicibus
969 2053 1007 2124 et
1035 2039 1181 2127 testium
1214 2039 1468 2126 annotacione
1526 2039 1798 2143 erbennamuS,
1829 2069 1877 2125 ne
1897 2037 2008 2155 lapsu

375 2153 556 2273 temporis
589 2172 841 2264 evanescant;
871 2153 1038 2244 Proinde
1073 2153 1157 2244 Nos
1188 2151 1445 2264 Wladislaus,
1507 2154 1541 2243 ei
1569 2156 1700 2276 gracia
1720 2153 1810 2244 Rex
1829 2153 2010 2264 Polooie,

376 2300 448 2358 nec
467 2302 544 2360 non
559 2283 741 2360 terrarum
759 2273 980 2382 Cracowie,
1001 2273 1256 2379 Sandomirie,
1279 2273 1459 2392 Synodie,
1480 2273 1666 2383 Laocicie,
1688 2271 1874 2391 Cuijauie‚
1894 2270 2012 2390 tyn

306 2393 311 2402 '
376 2389 501 2476 wanie
538 2390 722 2509 Princeps
753 2391 1009 2509 Suppreurus,
1045 2393 1291 2496 Pomeranie,
1327 2391 1558 2509 Russyequc
1594 2391 1767 2481 dominus
1804 2407 1841 2482 et
1878 2391 2010 2497 heres,

378 2523 466 2614 etc,
511 2506 778 2626 Signilioamus
807 2523 939 2597 tenore
966 2511 1203 2626 presencium
1234 2509 1369 2626 quibus
1399 2509 1550 2627 expedit
1578 2511 1782 2597 uniuersis:
1817 2508 2011 2620 quomodo

377 2623 616 2714 attendentes
651 2639 764 2745 grate
799 2625 985 2713 fidelitatis
1022 2627 1193 2716 studiosa
1228 2628 1379 2730 merita,
1418 2627 1552 2746 quibus
1586 2626 1945 2715 Revereodissinnus
1973 2627 2009 2714 in

382 2742 534 2831 Christo
554 2760 662 2860 pater
676 2743 850 2832 dominus
869 2743 1077 2849 dobannes,
1098 2743 1158 2833 dei
1179 2746 1311 2864 gracia
1331 2743 1550 2863 Episcopus
1572 2743 1911 2846 Wladislaviensis,
1940 2771 2011 2830 oo-

382 2861 440 2950 bis
471 2861 717 2980 complacuit,
749 2876 957 2980 nostraque
985 2878 1022 2953 et
1049 2863 1109 2952 Re
1142 2863 1178 2950 ni
1207 2866 1373 2983 negocia
1393 2863 1528 2952 vtiliter
1548 2879 1586 2951 et
1604 2861 1763 2982 provida
1782 2891 1933 2997 semper
1949 2859 2011 2998 di·

381 2979 477 3067 rexit
502 3009 550 3067 ac
580 2979 648 3068 diri
681 3012 746 3069 ere
776 2980 911 3100 poterit
948 2995 986 3069 et
1015 2893 1255 3101 compiiacere
1284 2983 1394 3098 nobis
1426 2981 1461 3068 in
1495 2981 1677 3088 luturum3
1708 2979 1842 3070 borum
1871 2993 2010 3086 rntmtu,

361 3113 418 3186 ·et
437 3099 591 3186 accensi
612 3012 697 3188 zeb
718 3099 962 3206 devocionis,
985 3132 1095 3221 quem
1115 3099 1167 3188 ad
1187 3099 1390 3190 ecclesiam
1411 3129 1519 3188 suam
1540 3097 1901 3190 wladislaviensem
1926 3124 2012 3216 pre-

379 3214 517 3303 dictam
547 3216 778 3321 obtinemus,
808 3217 879 3308 sibi
908 3249 1037 3307 aream
1066 3248 1177 3307 unam
1209 3233 1296 3306 ante
1325 3221 1511 3308 civitatem
1541 3232 1708 3307 nostram
1737 3223 1870 3305 Soteoz
1890 3245 2012 3333 prope

379 3341 539 3421 Fordoo
567 3339 740 3454 superius
768 3336 928 3426 lluminis
958 3343 1080 3452 Wysla
1099 3333 1178 3450 (θ),
1218 3365 1288 3454 pro
1315 3335 1571 3426 construenda
1602 3337 1739 3437 Curia,
1766 3333 1940 3422 domibus
1974 3347 2014 3422 et

378 3451 578 3572 granarijs
599 3455 783 3562 dedimus,
804 3453 1039 3562 donavimus,
1061 3453 1272 3574 damusque
1288 3469 1326 3546 et
1340 3455 1526 3545 donamus
1543 3485 1612 3574 per
1627 3467 1837 3576 presentes.
1883 3449 2012 3568 Quane

380 3569 529 3689 quidem
559 3603 687 3663 aream
716 3575 857 3693 pariter
882 3605 966 3666 cum
1001 3574 1122 3676 curia,
1162 3573 1335 3662 domibus
1371 3587 1410 3662 et
1442 3574 1649 3692 granarijs,
1687 3571 1855 3691 prelatus
1886 3567 2012 3656 domi·

379 3717 452 3776 nus
479 3688 675 3782 lohannes
701 3709 739 3782 et
767 3723 1015 3783 successores
1044 3695 1102 3780 sui
1128 3689 1310 3812 Episcopi
1340 3689 1680 3783 Wladislavienses
1713 3690 1763 3778 ad
1797 3687 2013 3778 Ecclesiam
2123 3695 2127 3706 '

379 3803 736 3904 wladislaviensem
758 3811 985 3932 predictam,
1005 3811 1214 3917 babebunl,
1236 3811 1430 3922 tenebunt,¹
1450 3813 1461 3898 i
1489 3811 1619 3932 sisque
1640 3809 1798 3930 pacifice
1818 3823 1854 3898 et
1875 3807 2012 3927 quiete,

378 3953 428 4014 ac
458 3955 530 4044 pro
559 3959 629 4018 sue
659 3928 758 4020 libito
794 3931 995 4022 voluntatis
1024 3931 1245 4020 utilruentur
1275 3943 1313 4018 et
1342 3844 1582 4046 gaudebunt,
1613 3929 1803 4048 perpetuis
1832 3921 2012 4042 tempori·

380 4039 452 4130 bus
474 4047 567 4132 etin
588 4077 710 4136 evum.
750 4049 910 4146 Harum,
930 4049 1064 4162 quibus
1080 4049 1242 4168 sigillum
1258 4055 1426 4140 nostrum
1448 4049 1688 4163 presentibus
1709 4057 1766 4132 est
1787 4071 2010 4163 appensum.

379 4159 517 4250 Actum
538 4161 681 4252 invilla
702 4181 834 4256 nostra
854 4175 1052 4280 Brodnpo,
1072 4167 1133 4254 die
1154 4165 1341 4256 dominico
1362 4161 1723 4282 Ramispalmanum,
1754 4191 1855 4250 anno
1872 4159 2011 4247 domini

380 4279 573 4369 millesimo
594 4278 965 4402 quadringentesimo
985 4283 1170 4404 vigesimo
1191 4301 1345 4404 quarto,
1366 4281 1603 4402 presentibus
1624 4279 1760 4370 rbidem
1780 4279 1847 4368 Ma
1904 4277 2010 4367 ilicis:
2040 4361 2047 4370 .

382 4395 541 4488 Nicolao
563 4397 612 4488 de
629 4403 826 4516 ¹Opporom
847 4401 1032 4491 Pallatino
1053 4399 1310 4505 Laociciensi,
1340 4401 1520 4492 Masticio
1550 4400 1599 4490 de
1618 4405 1835 4490 Stomelmw
1893 4425 2009 4486 ozna-

382 4518 521 4626 nieusi,
549 4517 716 4611 Martiae
738 4519 786 4612 de
810 4527 999 4611 θαῐὶηοιοα
1019 4517 1256 4640 Syradiensi,
1275 4519 1452 4610 =Cn⁶stino
1472 4521 1526 4612 de¹
1540 4523 1748 4635 Cozeqtowi
1765 4513 2010 4606 Sandeczen·

481 4736 521 4901 pp
549 4737 596 4804 En
607 4738 768 4828 archetypo
783 4713 1013 4841 membranaceo
1027 4735 1167 4840 tabularii
1182 4737 1302 4838 capituli
1317 4737 1611 4840 Wladlalauiensim

381 4903 452 4993 pido
465 4821 835 4976 szififfimmoe
849 4826 990 4914 Schulrtz)
1004 4824 1149 4916 oppidum
1164 4823 1202 4891 ad
1216 4824 1366 4893 Vutulam
1373 4833 1458 4914 Juxta
1470 4823 1678 4911 uyogosmm,
1691 4819 1773 4892 baud
1786 4821 1890 4912 procul
1904 4821 1942 4888 nb
1956 4841 2008 4908 op·

482 5028 572 5079 Tcmun
588 5027 623 5081 11.
1804 5024 1836 5080 dl
