4878 5942
1124 761 1398 838 -322-

1141 1061 1393 1180 CCCXllll.

478 1295 482 1303 ’
642 1302 970 1399 canonae,
997 1319 1153 1386 omno
1179 1298 1324 1388 1³24
1341 1297 1434 1384 dte
1450 1297 1535 1386 2⁰
1560 1301 1881 1402 Februanto

447 1502 577 1580 ttrnttes
596 1503 739 1582 rtuornn
759 1505 897 1588 zaznow
919 1505 954 1576 et
972 1503 1145 1586 Bodetia,
1167 1501 1378 1591 serenantur
1403 1501 1675 1576 tttadslcutonsts
1698 1489 1908 1595 propriarum,
1934 1520 1993 1578 rac
2015 1521 2077 1578 nou

888 1607 1075 1675 Ntaatzdtc
1090 1605 1125 1677 ct
1147 1606 1316 1677 thkooiee
1330 1605 1562 1679 constituuntur
1584 1605 1593 1691 t
1599 1607 1632 1692 ¹).

548 1796 632 1887 Nos
674 1797 788 1888 lezco
817 1797 949 1920 judex,
979 1797 1149 1884 Flranco
1178 1795 1365 1913 subjudex
1401 1797 1666 1900 lancicienses‚
1708 1799 1845 1884 noticie
1876 1795 2079 1884 deferimus

448 1921 504 2008 sin
538 1919 682 2004 olorum
704 1949 773 2036 per
794 1929 1003 2034 presentes:
1066 1915 1182 2030 Quod
1213 1947 1297 2002 curn
1325 1917 1375 2002 ad
1397 1931 1562 2002 nostram
1585 1917 1819 2032 presenciam
1843 1914 2077 2002 reuerendus

447 2040 484 2126 in
507 1947 660 2124 {bristo
689 2053 796 2153 pater
826 2035 998 2121 dominus
1027 2033 1233 2149 Sbylutbus
1259 2037 1483 2151 episcopus,
1515 2064 1587 2118 nec
1617 2064 1692 2120 non
1724 2034 1924 2150 capitulum
1961 2036 2078 2149 ipsius

448 2154 765 2255 wladislouiense,
788 2182 855 2270 per
874 2153 1090 2239 lanussium
1113 2151 1161 2237 de
1182 2158 1406 2240 Neroodoroo
1429 2151 1605 2237 heredem
1628 2153 1785 2240 luissent
1804 2182 1874 2269 pro
1894 2151 2077 2270 granicijs

284 2327 289 2336 ·
448 2274 544 2361 inter
578 2271 686 2358 villas
720 2272 995 2388 infrascriptas‚
1031 2269 1204 2363 videlicet
1247 2269 1484 2357 extendendo
1515 2276 1756 2357 aLorzrrooo
1782 2285 1818 2358 et
1843 2275 2077 2357 Bondzelriro

449 2390 587 2506 dominj
617 2391 784 2506 episcopi
813 2402 852 2476 et
881 2419 1002 2507 usquc
1029 2396 1253 2478 Neroodowo
1276 2404 1313 2475 et
1341 2395 1550 2502 Vylcuctcze
1571 2390 1688 2506 ipsius
1708 2389 1873 2504 lanussij
1896 2385 1955 2500 (2)
1977 2389 2077 2476 citati

447 2537 515 2596 seu
533 2510 698 2614 euocati,
726 2507 876 2594 tandem
913 2507 1160 2624 pendentibus
1193 2506 1377 2626 aliquibus
1406 2507 1503 2594 inter
1533 2523 1676 2623 partem
1691 2523 1887 2628 utramque
1902 2508 2078 2610 terminis,

450 2625 513 2714 die
534 2625 623 2712 date
644 2628 821 2712 terminus
842 2627 1115 2743 peremptorius
1136 2641 1217 2712 erat
1237 2627 1455 2742 assignatus
1477 2624 1527 2711 ad
1548 2625 1796 2712 decidendam
1814 2657 1964 2713 causam
1981 2627 2077 2712 inter

449 2747 566 2862 ipsos
588 2757 699 2861 prout
712 2747 777 2862 jus
796 2745 961 2862 requirit.
1024 2743 1106 2831 Nos
1128 2773 1232 2847 uero,
1252 2739 1379 2832 audita
1400 2745 1592 2831 relacione
1614 2745 1822 2864 questionis
1843 2761 1881 2831 et
1900 2744 2075 2862 proposi-

447 2864 568 2951 cionis
588 2861 753 2978 danussij
777 2878 967 2979 tamquam
987 2864 1145 2968 actoris,
1176 2877 1214 2948 et
1234 2861 1409 2950 aduocati
1430 2862 1569 2980 domioj
1591 2865 1762 2981 episcopi
1783 2879 1821 2951 et
1841 2863 1991 2982 capituli
2020 2863 2076 2980 ip-

448 2983 528 3070 sius
558 2979 924 3068 wladislaniensibus
953 2981 1036 3092 (sio)
1065 2982 1315 3098 responsione
1348 2995 1503 3098 recepta
1534 2981 1669 3086 taliter,
1693 2982 1794 3100 quod
1816 3013 1885 3100 per
1905 2981 2076 3068 duracio·

448 3129 533 3188 nem
562 3099 739 3186 diutinam
767 3129 973 3204 annorum,
1002 3124 1116 3211 quam
1143 3097 1371 3186 sufficienter
1400 3099 1581 3212 allegauit
1613 3115 1650 3187 et
1670 3099 1817 3206 docuit,
1849 3101 1916 3187 wlt
1936 3099 2077 3186 babere

450 3247 606 3306 causam
628 3247 697 3334 pro
720 3233 826 3335 parte
847 3246 916 3303 sua
938 3247 1007 3333 par
1027 3218 1257 3304 sentenciam
1279 3217 1541 3304 ddliniendam:
1593 3217 1741 3305 demum
1764 3248 1834 3306 nos
1855 3219 1980 3306 habita
1996 3247 2075 3304 rua·

443 3349 532 3424 'tura
562 3335 841 3424 deliberacione
872 3365 1043 3455 sanoque
1076 3335 1253 3442 consilio,
1284 3351 1371 3452 post
1392 3334 1564 3422 diuersus
1586 3337 1667 3448 (sic)
1688 3350 1869 3424 tractatus
1886 3352 2076 3456 peractos,

448 3453 601 3542 domino
632 3455 815 3571 episcopo
846 3469 885 3540 et
912 3453 1074 3570 capitulo
1102 3453 1218 3571 ipsius
1247 3453 1629 3559 wladislauiensibus,
1673 3453 1863 3574 granicias
1898 3455 2076 3574 prelatas,

348 3619 350 3626 ·
448 3571 653 3690 dequibus
675 3573 820 3658 mencio
842 3587 942 3678 erat,
968 3573 1064 3659 inter
1083 3572 1192 3658 villas
1216 3587 1402 3691 utsupra,
1424 3571 1598 3680 videlicet
1617 3603 1639 3660 a
1661 3579 1837 3660 Loraouo
1859 3573 1952 3686 (sic),
1969 3579 2075 3659 Bon·

449 3695 559 3776 dasiro
596 3689 678 3799 (sic)
715 3688 954 3777 extendendo
984 3719 1104 3806 usque
1131 3689 1180 3776 ad
1209 3689 1317 3777 villas
1336 3690 1503 3808 danussij
1526 3698 1740 3780 Newcdono
1763 3705 1801 3777 et
1828 3695 2076 3806 Wptcoczr'cze

433 3807 532 3922 ¹(sio)
553 3805 868 3909 adiudicauimus,
901 3821 939 3892 et
960 3837 1027 3924 per
1049 3823 1245 3924 presentes
1272 3807 1531 3895 adiudicamus
1561 3809 1631 3927 ipsi
1660 3809 1841 3899 lanussio
1862 3826 1898 3918 et
1919 3841 2074 3898 succes·

448 3927 598 4014 scribus
626 3925 724 4030 suis,
756 3923 805 4009 ad
835 3924 1080 4040 repetendum
1114 3925 1236 4012 dictas
1256 3927 1446 4042 granicias
1469 3941 1687 4044 perpetuum
1710 3929 1902 4016 silencium
1930 3929 2074 4048 inponi-

361 4061 365 4069 “
448 4076 531 4132 mus
570 4059 606 4131 et
626 4043 751 4159 inponi
773 4041 1033 4131 mandauimus
1063 4073 1148 4130 oum
1176 4045 1333 4150 ellectu3
1376 4060 1412 4131 et
1433 4061 1472 4131 ut
1492 4046 1661 4160 predicta
1684 4045 1860 4134 diffinicio
1884 4045 2076 4136 sentencie

447 4161 564 4250 robur
582 4176 762 4278 perpetue
777 4159 956 4248 firmitatis
974 4161 1140 4248 obtineat
1156 4162 1286 4248 barum
1299 4162 1392 4273 (sic),
1403 4164 1537 4281 quibus
1555 4178 1685 4250 nostra
1696 4165 1820 4283 sigilla
1836 4166 2075 4282 presentibus

448 4293 535 4367 sunt
554 4307 735 4397 appensa.
797 4280 933 4366 *lotum
955 4295 992 4368 et
1022 4278 1147 4368 datum
1168 4286 1353 4386 tenetote,
1375 4280 1465 4368 teria
1487 4281 1657 4371 secunda
1677 4282 1713 4369 in
1734 4287 1899 4372 crastino
1920 4285 2076 4372 inuoca-

447 4397 519 4504 uit,
550 4427 651 4485 anno
682 4395 821 4514 dominj
850 4397 1044 4486 millesimo
1079 4395 1178 4484 CCC
1207 4394 1315 4485 LXX
1342 4413 1489 4520 quarto.
1552 4400 1795 4490 Prosentibus
1826 4403 1987 4490 strenuis
2007 4403 2074 4488 mi·

471 4730 479 4746 ,
551 4644 591 4729 l¹l
633 4645 682 4712 Ex
696 4646 788 4746 areb·
877 4647 1108 4746 membranaceo
1126 4648 1267 4716 tabularii
1294 4613 1701 4735 capitulinadislauicnsis.
1745 4646 1897 4718 Taeoiolis
1918 4671 2075 4737 pergame·

448 4730 828 4968 taxillziibdqtiiiebdgdll
849 4733 1083 4898 ediililindiilltde
1096 4817 1241 4884 territorii
1259 4817 1436 4898 Rawensis,
1458 4817 1589 4906 regionis
1603 4817 1823 4896 Brzezimosis,
1844 4815 2032 4887 N'reuteddc
2046 4829 2078 4885 et

552 4921 590 4967 ror
668 4921 677 4964 r
716 4921 758 4966 m.
2152 4936 2155 4944 .
