4926 5940
1125 715 1399 790 „mo-

448 923 563 1030 dens,
594 935 632 1009 et
651 921 782 1010 librum
804 919 840 1007 ia
861 919 1012 1008 sinistra
1032 916 1226 1025 deterens,
1257 916 1365 1030 quasi
1385 917 1423 1004 in
1443 913 1718 1034 pontificalibus
1744 917 1951 1024 videbatur,
1981 924 2096 1026 asi,
2141 913 2153 928 ’

447 1042 572 1134 oistns
593 1071 687 1129 vera
715 1067 857 1158 ymago
886 1038 1006 1125 altera
1036 1035 1168 1123 librum
1198 1036 1233 1122 in
1255 1033 1413 1122 dextera
1433 1051 1469 1123 et
1490 1050 1743 1124 curwaturam
1766 1037 1849 1149 (sic)
1870 1040 1907 1125 in
1928 1039 2076 1128 sinistra

350 1167 352 1172 ’
447 1159 619 1250 manibus
639 1157 782 1245 habere
802 1156 1046 1264 cernebatur3
1078 1153 1149 1242 sub
1170 1180 1327 1268 quarum
1348 1153 1553 1276 imaginum
1575 1152 1734 1272 pedibus
1755 1157 1885 1276 imago
1914 1157 2076 1263 infulata,
2103 1186 2106 1195 ·

447 1277 619 1368 manibus
651 1283 766 1393 supra
797 1289 932 1392 pectus
960 1274 1199 1390 compositis,
1231 1273 1339 1386 quasi
1366 1274 1403 1360 in
1424 1271 1626 1391 pontillcali
1648 1285 1833 1390 apparatu
1868 1273 2076 1383 videbatur,

447 1425 474 1486 a
492 1396 636 1486 dextris
656 1394 763 1484 cuius
782 1406 821 1482 at
839 1392 999 1484 daistris
1029 1391 1105 1480 daa
1133 1392 1243 1512 clipei
1272 1393 1365 1482 etin
1398 1420 1527 1480 aarum
1548 1389 1673 1480 media
1694 1392 1856 1508 pellacia
1877 1422 1963 1480 cum
1984 1418 2075 1508 qua-

447 1531 533 1608 tuor
560 1515 736 1604 leaestris
764 1511 911 1630 sculpta
937 1511 1209 1615 nascebantur,
1240 1509 1348 1600 litera
1381 1539 1476 1602 uero
1512 1509 1893 1600 circumferenciales:
1920 1515 2078 1626 apellata

446 1640 629 1722 lobannis
639 1639 737 1720 tituli
746 1635 989 1719 SanatiSiata'
999 1636 1207 1718 Praebeteri
1215 1633 1436 1730 Cordtbabir,
1451 1627 1522 1716 bea
1529 1627 1613 1741 (sia)
1621 1628 1853 1747 legebantur.
1872 1629 1983 1743 Quas
1994 1631 2076 1749 qui·

448 1751 535 1841 dem
555 1752 697 1840 litteras
717 1781 897 1838 asserens
917 1763 1070 1868 propter
1090 1749 1267 1837 nonnulla
1301 1743 1522 1851 incomoda,
1553 1745 1720 1866 pericula
1751 1763 1789 1836 et
1814 1747 1987 1865 inopinati
2007 1778 2073 1836 oa·

448 1899 517 1962 sus
535 1883 728 1977 eventum,
759 1897 808 1956 ac
828 1897 876 1956 cx
896 1868 1009 1955 certis
1041 1869 1168 1956 causis
1203 1867 1366 1954 animum
1386 1895 1495 1954 suurn
1516 1865 1752 1954 moventibus
1774 1895 1850 1954 non
1872 1893 1988 1984 passa
2007 1895 2074 1954 oo-

447 1988 561 2078 mode
581 2017 717 2080 versus
738 1989 879 2074 curiam
898 1985 1112 2074 Romanam
1132 1985 1194 2073 vel
1215 1985 1301 2072 alibi
1331 1984 1494 2104 dirigere
1516 1997 1552 2072 et
1571 1983 1779 2088 destinare,
1811 1985 2075 2073 menolariam

376 2151 381 2158 ·
447 2107 636 2227 publicum
672 2106 946 2222 infrascriptum
977 2133 1025 2190 ex
1055 2133 1140 2191 mea
1177 2103 1302 2192 alticio
1338 2102 1626 2191 tbabellianatas
1660 2103 1869 2216 requisivit,
1903 2103 2077 2221 quatinus

447 2223 642 2344 predictas
660 2223 802 2312 litteras
823 2220 1107 2326 executoriales,
1129 2251 1203 2309 ana
1224 2249 1308 2309 curn
1330 2221 1592 2339 descripoiane
1612 2221 1721 2338 sigilli
1742 2222 1833 2338 ipsis
1854 2220 2077 2336 dependen-

448 2345 497 2431 tis
516 2359 828 2446 transsumerem,
860 2367 907 2426 aa
935 2339 970 2426 in
992 2337 1179 2456 publicam
1215 2341 1371 2428 larmam
1408 2339 1622 2459 redigerem
1658 2353 1696 2426 et
1726 2339 1934 2456 capiarem,
1966 2338 2078 2424 nicbil

449 2458 645 2564 addenda,
675 2455 930 2563 diminuenda,
961 2468 1025 2544 aut
1045 2458 1248 2566 varianda,
1308 2458 1383 2546 uad
1405 2461 1660 2546 substanciam
1696 2459 1783 2544 lacti
1805 2471 1982 2562 mutaret,
2014 2471 2079 2543 aut

450 2577 583 2669 saltem
602 2579 765 2666 variarat
785 2574 1029 2679 intellectum,
1061 2590 1101 2662 ut
1122 2576 1263 2664 eisdem
1281 2491 1423 2666 litteris
1456 2579 1699 2694 transsumpti
1729 2589 1869 2678 stetur,
1901 2571 2078 2661 eradatur

450 2707 489 2784 at
507 2695 605 2784 lldes
626 2697 794 2814 plenaria
813 2697 849 2782 in
869 2692 1048 2782 Romana
1071 2694 1186 2782 Caria
1217 2695 1277 2782 vel
1299 2709 1403 2784 extra
1426 2695 1666 2802 adhibeatur,
1698 2723 1746 2782 aa
1767 2695 1799 2782 si
1820 2693 1939 2782 littera
1961 2693 2076 2810 origi-

448 2813 557 2907 nales
575 2809 813 3018 apparerent.
840 2810 1014 2926 Quarum
1031 2810 1234 2900 litterarum
1254 2829 1363 2904 tenor
1384 2813 1434 2901 dc
1455 2815 1572 2903 verbo
1592 2829 1628 2903 et
1640 2811 1887 2929 (sio)verbam
1908 2811 2078 2930 sequitur

450 2943 489 3021 el
508 2945 569 3021 est
587 2945 624 3019 la
640 2933 688 3021 is:
724 2949 727 2956 '

550 3049 811 3139 lllustrissimis
831 3065 868 3139 et
888 3049 1146 3138 Seranissimis
1167 3052 1406 3169 Principibus
1427 3069 1465 3142 et
1484 3051 1662 3160 dominis,
1684 3051 1844 3140 dominis
1867 3048 2078 3165 Sigismua·

417 3167 517 3277 da,
539 3168 663 3258 divina
697 3171 846 3262 lavante
882 3168 1089 3257 clemencia
1124 3168 1382 3258 Romanarum
1418 3201 1570 3290 semper
1589 3171 1786 3292 Augusto,
1817 3199 1865 3256 aa
1884 3167 2077 3282 'Ungaria

449 3286 654 3396 Bobemia,
683 3287 896 3390 Dalmacie,
931 3285 1093 3374 Craacia
1121 3299 1214 3392 etc,
1236 3303 1271 3377 et
1301 3287 1513 3378 Wladislaa
1542 3291 1712 3397 Palania,
1742 3319 1815 3378 nco
1844 3317 1918 3378 nan
1947 3285 2077 3392 Dacia,

451 3405 623 3513 Swecie,
654 3405 864 3528 Narwegie
883 3404 1078 3525 Regibus,
1109 3405 1334 3526 Regnorum
1354 3425 1566 3496 vestrorum
1586 3408 1703 3497 leliois
1730 3406 1987 3528 prosperitatis
2008 3431 2076 3489 au·

451 3538 660 3646 gmentum:
679 3525 993 3642 Reverendisque
1014 3525 1049 3610 in
1073 3524 1222 3612 Cbrista
1244 3526 1412 3643 patribus
1433 3544 1471 3616 et
1491 3525 1662 3633 dominis,
1683 3525 1842 3616 dominis
1864 3523 2079 3612 Gneznensi

452 3655 490 3726 et
523 3641 764 3760 Leapaliensi
782 3643 1111 3760 ArabiepisaapiS,
1142 3673 1191 3730 aa
1211 3644 1475 3749 Craaaviensi,
1508 3645 1704 3750 Placensi,
1733 3642 2011 3748 Paznaniensi,
2043 3653 2080 3727 et

451 3757 665 3849 Cbelmensi
683 3759 904 3879 EpiscopiS,
926 3785 1131 3872 earumque
1148 3775 1185 3848 et
1200 3763 1396 3851 cuiuslibet
1415 3766 1587 3883 ipsorum'
1603 3768 1639 3852 in
1661 3763 1911 3884 spiritualibus
1934 3773 1971 3847 et
1991 3777 2079 3848 tern-

451 3875 645 3996 poralibus
663 3877 813 3996 uicarijs
834 3893 872 3966 et
891 3872 1126 3966 Ollioialibus
1146 3880 1410 3996 generalibus,
1440 3912 1488 3968 ac
1510 3883 1696 3975 uniuersis
1716 3899 1753 3970 et
1772 3880 1929 3999 singulis
1957 3876 2077 3963 domi-

451 3997 509 4084 nis
538 3995 758 4106 abbatibus,
796 3997 1006 4115 prioribus,
1046 3997 1265 4114 prepositis,
1305 3995 1480 4096 decanis,
1517 4000 1820 4102 Arabidiaaanis,
1851 3995 2077 4097 scolasticis,

451 4114 689 4223 cantoribus,
719 4115 958 4221 custodibus,
989 4115 1272 4234 Tbezaurarijs,
1310 4118 1498 4222 sacristis,
1530 4117 1815 4207 succentoribus
1845 4131 1921 4204 tam
1948 4113 2079 4201 lratbe-

451 4231 629 4341 dralium,
665 4266 777 4354 quarn
818 4234 1112 4357 Collegiatarum
1134 4235 1379 4324 ecclesiarum
1423 4235 1647 4341 Canonicis,
1694 4236 2080 4350 monasteriorumque

451 4379 773 4476 quorumcumque
808 4371 1065 4472 exemptarum
1096 4367 1134 4440 et
1154 4381 1228 4439 non
1249 4369 1527 4473 exemptarum,
1558 4385 1606 4444 aa
1627 4357 1802 4443 ministris
1823 4350 2080 4472 generalibus,
2223 4437 2226 4444 ,

452 4469 754 4584 provincialibus,
776 4473 946 4590 vicarijs,
978 4471 1215 4591 gwardianis
1237 4473 1341 4585 (sic),
1375 4503 1448 4562 nea
1470 4505 1544 4562 non
1566 4475 1695 4562 Sancti
1716 4473 1901 4562 lobannis
1920 4469 2080 4558 leroso-

455 4585 603 4674 limitani
625 4589 767 4679 ordinis
780 4589 980 4711 lllagistra,
991 4590 1371 4694 commendatoribus,
1380 4593 1667 4710 preceptoribus
1683 4607 1721 4680 et
1739 4593 1906 4708 ipsorum
1917 4587 2001 4701 (sia)
2011 4583 2081 4671 do·

454 4733 599 4792 marum
618 4709 804 4812 tratribus,
824 4738 872 4795 ac
894 4709 1213 4798 Conventualibus
1242 4709 1425 4797 minorum
1450 4710 1713 4798 heremitarum
1742 4709 1827 4822 (sia)
1849 4706 1978 4794 Sancti
1999 4703 2079 4790 Aa·

452 4822 606 4942 gustini,
646 4823 923 4944 predicatorum
963 4842 1000 4915 et
1020 4829 1131 4916 beate
1160 4825 1292 4916 'Maria
1332 4826 1636 4936 Carmelitarum,
1677 4855 1727 4914 aa
1755 4851 2078 4943 quarumcumque
