4876 5940
1002 777 1275 851 -atu-

325 975 549 1082 bernatoris,
569 975 730 1064 rectoris
750 1006 817 1066 seu
841 976 1027 1093 capitanei
1048 989 1147 1065 terre
1167 975 1387 1066 Brestensis
1408 985 1447 1060 et
1465 969 1794 1090 Radzeyouiensis
1810 970 1884 1086 (²),
1905 1003 1953 1064 ac
2086 1035 2090 1051 ·

240 1159 243 1166 -
324 1092 446 1181 eciam
462 1091 613 1181 discreti
634 1094 703 1180 viri
731 1095 849 1212 patris
879 1097 997 1183 nostri
1022 1095 1220 1200 lobannis,
1242 1093 1377 1212 prioris
1397 1093 1518 1181 sancti
1539 1091 1743 1208 Vincencij,
1767 1094 1952 1180 wratisla-

325 1211 465 1298 uiensis
499 1209 694 1328 dyocesis,
727 1213 788 1332 qui
820 1211 959 1301 domini
972 1211 1127 1302 abbatis
1162 1210 1330 1304 eiusdem
1357 1211 1572 1328 monasterij
1602 1209 1723 1296 sancti
1744 1208 1950 1328 Vincencij,

252 1319 259 1346 '
325 1329 517 1416 existentis
548 1329 583 1416 in
619 1330 721 1416 curia
758 1357 935 1435 romano,
971 1329 1021 1417 ad
1049 1349 1210 1450 presens
1235 1330 1339 1417 vices
1362 1329 1478 1448 gerit:
1509 1357 1698 1415 consensu
1720 1341 1757 1414 et
1776 1325 1950 1416 beniuola

324 1445 531 1552 voluntate,
561 1446 884 1564 venerabilipatri
904 1447 1056 1536 domino
1093 1447 1311 1554 Geruardo,
1343 1445 1505 1534 ecclesie
1526 1444 1897 1552 Wladislauiensise
1925 1449 1951 1534 i

272 1579 276 1592 '
323 1592 466 1682 scopo,
482 1595 551 1656 sue
572 1564 734 1654 ecclesie
756 1561 906 1655 nomine
926 1563 1162 1654 vendidimus
1183 1595 1253 1684 pro
1269 1577 1418 1653 centum
1439 1563 1706 1682 quinquaginta
1728 1475 1923 1654 marcisd

322 1683 512 1770 uariorum
535 1697 686 1770 monete
707 1683 957 1771 thorunensis
1007 1681 1203 1790 Veientes,
1224 1698 1264 1772 ut
1282 1683 1365 1801 ipse
1384 1697 1422 1770 et
1441 1683 1499 1770 sui
1519 1709 1788 1784 successorem
1817 1711 1866 1769 ac
1886 1711 1950 1769 ec·

324 1799 440 1888 alesia
477 1829 563 1888 sua·
582 1797 932 1908 Wladislauiensis,
980 1800 1135 1917 easdem
1157 1798 1406 1904 hereditates,
1436 1799 1561 1902 villas,
1591 1827 1660 1888 seu
1680 1800 1950 1917 possessiones

277 2000 282 2008 .
322 1945 408 2004 cum
446 1916 620 2005 omnibus
655 1933 691 2006 et
720 1917 877 2038 singulis
918 1920 1116 2026 tractibus,
1147 1917 1374 2026 redditibus,
1405 1916 1668 2036 prouentibus,
1698 1915 1950 2022 iurisdicione,

323 2035 516 2152 seruicijs,
536 2033 821 2151 ,solucionibum
852 2038 1067 2154 nemoribus
1095 2067 1164 2126 seu
1192 2038 1311 2158 geijs,
1341 2035 1508 2124 lrutectis
1532 2029 1631 2146 (sic),
1662 2033 1747 2122 lacu
1777 2065 1845 2122 seu
1872 2036 1950 2153 pis·

322 2151 448 2268 carijs,
469 2151 636 2260 decimis,
650 2153 991 2274 jurepatronatus,
1022 2158 1158 2274 pratis,
1189 2156 1359 2274 pesculo,
1380 2183 1429 2242 ac
1443 2153 1682 2272 pertinencijs
1702 2153 1781 2240 suis
1801 2147 1952 2240 uniuerss

322 2270 396 2373 sie,
427 2283 465 2356 ct
493 2271 707 2360 utilitatibus
734 2273 922 2379 omnibus,
952 2299 1025 2388 que
1055 2277 1090 2362 in
1113 2289 1212 2362 terra
1242 2287 1279 2362 et
1303 2285 1575 2390 superterram
1597 2268 1753 2359 suntad
1773 2299 1947 2388 presens,

323 2385 384 2475 vel
406 2389 498 2476 esse
515 2403 691 2506 poterunt
718 2391 754 2476 in
775 2393 954 2496 futurum,
984 2421 1070 2478 cum
1101 2393 1200 2480 omni
1231 2392 1472 2509 proprietatis
1497 2405 1534 2477 et
1554 2386 1704 2505 dominij
1719 2391 1818 2505 jure,
1839 2403 1951 2506 prout

321 2501 456 2592 eedem
492 2503 719 2594 hereditates
750 2507 785 2593 in
822 2509 1046 2614 scismatis,
1082 2505 1246 2625 gadibus
1267 2537 1336 2594 seu
1361 2507 1527 2594 terminis
1562 2505 1952 2594 circumferencieliter
2042 2587 2044 2595 t

321 2618 495 2710 distincte
523 2635 627 2726 sunt,
658 2622 800 2710 habere
828 2639 866 2711 et
895 2637 1023 2710 tenere
1052 2624 1210 2730 debeat,
1241 2653 1289 2709 ac
1312 2623 1503 2740 perpetuis
1524 2622 1755 2738 temporibus
1776 2621 1891 2710 libera
1913 2634 1963 2709 et'

321 2737 481 2873 pacilice
508 2739 719 2858 possidere.
781 2739 906 2854 Quem
936 2737 1055 2828 eciam
1085 2741 1120 2827 in
1151 2739 1356 2827 earundem
1386 2737 1633 2826 hereditatum
1662 2739 1949 2855 possessionem

319 2855 530 2947 induximus
545 2855 799 2976 corporalem.
862 2859 1125 2946 Promittentes
1145 2855 1403 2946 nichilominus
1423 2853 1625 2972 pro-nobis
1642 2869 1680 2942 et
1700 2854 1840 2942 nostris
1860 2883 1949 2942 suc·

323 2975 543 3064 sessoribus
572 2975 673 3064 bona
697 2974 775 3062 hde
804 2975 962 3064 eandem
988 2976 1248 3068 vendicionem
1269 2989 1437 3062 nostram
1457 2971 1610 3059 tirmiter
1634 2987 1672 3058 et
1692 2969 1950 3062 inuiolabiliter

320 3107 505 3210 perpetuo
525 3091 752 3200 obseruare,
783 3109 821 3184 et
840 3125 915 3182 non
938 3095 1199 3183 contrauenire
1237 3107 1301 3181 aut
1333 3093 1461 3178 lacere
1480 3090 1605 3207 aliqua
1629 3090 1802 3192 racione,
1834 3087 1949 3178 modo

320 3210 380 3305 vel
402 3211 576 3331 ingenio,
606 3211 807 3303 verbovel
838 3241 955 3330 opere
983 3211 1031 3300 de
1051 3215 1132 3299 iure
1157 3211 1217 3298 vel
1238 3208 1287 3298 de
1314 3211 1436 3317 lncto;
1466 3224 1504 3297 et
1523 3207 1786 3296 renunciantes
1807 3233 1948 3324 excep-

321 3328 418 3416 aioni
445 3357 523 3416 non
549 3344 744 3416 numerate
782 3331 968 3449 pecunie,
990 3345 1027 3417 et
1054 3327 1324 3448 appellacioni,
1370 3355 1418 3414 ac
1453 3326 1554 3419 omni
1582 3326 1681 3441 juris
1713 3324 1851 3412 auxilio
1873 3339 1947 3412 tam

321 3447 513 3552 canonici,
546 3475 660 3566 quam
677 3444 815 3554 ciuilis,
836 3477 906 3566 per
927 3447 1029 3566 quod
1049 3448 1109 3536 vel
1131 3475 1227 3566 quas
1248 3444 1383 3533 eadem
1402 3445 1556 3581 empcio·
1572 3442 1948 3561 ipsiusdominiepi-

320 3565 428 3680 scopi
460 3578 595 3680 posset
626 3561 833 3678 aliqualiter
858 3565 1039 3684 impediri.
1099 3565 1142 3652 ln
1172 3565 1361 3652 cuius-rei
1378 3563 1637 3652 testmoniun
1659 3575 1697 3648 et
1715 3558 1963 3656 culdenciam-

152 3765 158 3782 ,
183 3735 191 3744 -
319 3681 534 3798 pleniorem,
555 3698 753 3800 presentes
773 3684 916 3772 litteras
936 3683 1015 3770 lteri
1035 3676 1210 3788 lecimus,
1223 3695 1270 3770 et
1287 3672 1497 3802 sigillorum
1519 3673 1745 3782 nostrorum,
1766 3679 1948 3797 prepositi

318 3827 368 3886 ac
388 3813 597 3889 conuentus
618 3799 884 3920 predictorum,
905 3801 1104 3890 munimine
1119 3791 1302 3889 roborari.
1346 3799 1482 3888 Actum
1508 3813 1547 3888 et
1575 3796 1701 3884 datum
1727 3797 1763 3883 in
1783 3801 1947 3900 Straton,
2065 3893 2068 3898 ¹

319 3917 358 4006 in
377 3921 607 4008 monasterio
628 3934 780 4025 nostro,
812 3935 950 4008 octauo
970 3917 1062 4007 ldus
1081 3920 1226 4039 aprilis,
1255 3947 1358 4008 anno
1378 3915 1517 4007 domini
1547 3915 1740 4004 millesimo
1761 3925 1947 4000 trecente·

319 4036 415 4123 simo
434 4037 626 4124 vicesimo.
688 4037 933 4126 Prescntibus
961 4053 998 4125 et
1023 4068 1066 4126 se
1092 4039 1278 4126 subscribi
1302 4035 1574 4124 mandantibus
1592 4032 1768 4118 iratribus
1791 4025 1946 4116 nostris:

318 4149 482 4242 Nicolao
511 4155 685 4256 custode,
716 4171 753 4241 et
777 4153 953 4242 debanna
979 4157 1222 4271 presbytero;
1267 4155 1353 4240 item
1378 4151 1577 4240 sororibus
1606 4150 1731 4250 lthca,
1773 4145 1946 4248 Osanna,
1974 4157 2024 4248 s

318 4269 590 4372 Suantoslaua,
637 4270 830 4375 Susanna,
875 4271 1107 4370 Clemencia‚
1152 4269 1339 4388 Heduigi,
1384 4267 1494 4356 Anno
1539 4281 1576 4353 et
1631 4262 1989 4390 Wyrzchoslaum'

247 4461 249 4466 .
319 4391 405 4478 item
427 4388 597 4476 dominis:
618 4387 808 4476 Stanislno
829 4389 1040 4507 preposito,
1060 4387 1204 4478 Mathia
1225 4386 1394 4494 decano,
1424 4385 1581 4472 Alberto
1597 4383 1813 4487 scolastico,
1835 4375 1945 4466 Wle-

320 4505 628 4613 dislaviensibus,
666 4503 853 4592 Michaele
890 4506 1082 4623 preposito
1117 4505 1371 4610 crusliciensi,
1401 4501 1591 4620 Magistro
1624 4499 1741 4590 Petro
1778 4511 1946 4620 cantore,

309 4623 525 4742 'Gothlryno
554 4624 796 4742 presbytero,
826 4623 1004 4712 larcslao
1025 4622 1075 4710 de
1099 4628 1244 4711 Stusoto
1265 4637 1303 4712 et
1321 4621 1532 4743 Bogulalo,
1554 4621 1748 4724 canonicis
1777 4614 1945 4736 predicte

318 4743 480 4832 ecclesie
500 4741 843 4832 Wladislauiensis.

396 4993 398 4997 v
420 4908 460 4992 (²)
487 4907 564 4976 Vide
578 4908 710 4981 tabulam
725 4910 862 4996 proximo
876 4905 1116 4995 praecedentem
1741 4999 1791 5056 ἥρ
