4896 5926
1116 733 1365 808 ...10-

425 953 542 1030 tutam
561 937 735 1028 uidelicet
754 937 932 1042 insulam,
964 965 1039 1073 que
1066 941 1206 1024 Sotnvo
1235 948 1489 1052 nuncupatur,
1519 931 1570 1021 ad
1598 962 1706 1024 suam
1727 930 1924 1050 dyocesim
1944 963 2055 1024 usm-

425 1057 571 1178 pando,
599 1071 638 1145 et
662 1057 744 1143 iura
768 1054 1013 1175 Episcopalna
1039 1053 1177 1142 ibidem
1196 1051 1428 1140 exercendo:
1456 1052 1494 1137 in
1520 1049 1851 1140 Wladislauiensis
1876 1050 2057 1172 dyocesis

424 1174 658 1295 preiuditium
699 1189 736 1262 et
770 1202 992 1292 grauamen.
1046 1171 1219 1289 ldenqun
1254 1168 1468 1258 discretioni
1508 1183 1655 1276 nostre,
1694 1171 1921 1274 auctontate
1950 1167 2056 1258 sedis

387 1359 391 1364 -
424 1292 644 1412 apostolice,
671 1321 745 1409 qua
765 1293 964 1410 fungimur,
993 1290 1159 1380 districtc
1180 1286 1421 1407 precipiendo
1440 1285 1683 1391 mandamus,
1705 1289 1889 1405 quatinus,
1909 1315 2054 1376 cunun-

424 1424 519 1500 cntts
539 1410 717 1528 partibus,
743 1408 906 1497 audiatis
925 1437 1100 1512 causam,
1130 1420 1272 1506 etnam
1294 1407 1374 1494 iure
1402 1406 1588 1494 canonica
1614 1405 1833 1493 terminetis:
1863 1405 2054 1508 iacientes,
2227 1412 2234 1426 '

423 1527 526 1648 quud
555 1527 818 1634 decreueritis,
846 1555 917 1644 per
944 1553 1144 1613 censuram
1165 1522 1460 1612 ecclesiasticam
1481 1519 1637 1609 firmiter
1656 1523 1819 1612 obsenua
1843 1522 1865 1608 ‘.
1916 1521 2055 1642 Testes
2102 1576 2103 1579 κ

422 1659 566 1751 autem,
603 1645 666 1764 qui
696 1643 873 1732 nominati
907 1645 1060 1732 luerint:
1094 1643 1126 1729 si
1154 1672 1198 1728 se
1227 1643 1378 1759 gracia,
1415 1639 1503 1728 odio
1535 1640 1596 1727 usl
1627 1639 1758 1727 timore
1792 1549 2057 1728 sulbtnaxenint

422 1763 573 1884 ungatis
594 1788 758 1850 censura
778 1761 885 1849 simili
905 1759 1103 1879 perbibere
1123 1759 1371 1845 testimonium
1392 1757 1545 1846 ueritati.
1588 1757 1725 1846 Datum
1745 1758 1782 1844 in
1805 1753 2054 1866 Weslnusb(³)

421 1909 523 1968 mnu
547 1907 649 1968 anno
676 1877 760 1990 (sic)
795 1877 933 1966 domini
960 1877 1153 1966 millesimo
1183 1872 1264 1963 CC⁰
1291 1874 1533 1992 sexagesimo
1564 1888 1718 1992 quarto,
1746 1871 1827 1961 llll.
1856 1871 2053 1962 Kalendas

420 1997 601 2115 lanuarij.
639 2057 643 2066 ‚

523 2223 564 2307 (⁸1
593 2223 702 2290 Procul
717 2221 913 2302 dubinbodic
926 2222 995 2291 villa
1017 2221 1208 2299 Wmuoco,
1228 2223 1371 2292 territorii
1390 2180 1623 2310 Kwitlzynensis
1644 2225 1707 2292 sisa
1720 2223 2059 2308 Mnnnwerdnmns„

421 2308 554 2394 regionis
568 2328 640 2374 varo
655 2303 857 2374 Lubaviensis.
1241 2379 1244 2386 Δ
1381 2368 1387 2379 .

499 2891 926 2988 wtnunmvcae,
951 2853 1109 2978 anno
1132 2891 1288 2980 annu
1315 2893 1409 2978 nte
1433 2891 1503 2979 sa
1528 2893 1729 2978 mensu
1752 2893 1973 2996 annm.

420 3087 693 3192 cut-trus
713 3092 783 3166 ltu
802 3089 963 3164 bmnium
985 3094 1020 3164 ct
1040 3091 1190 3188 bulum
1207 3092 1304 3168 vttlts
1324 3109 1402 3168 suas
1422 3095 1612 3174 Dmatnom
1637 3093 1812 3164 sactum
1827 3093 2050 3172 ntnotntm

427 3191 623 3263 manuam
646 3193 682 3266 nt
705 3191 963 3267 mantuanense
984 3196 1158 3268 conmutat
1181 3211 1251 3267 nun
1271 3193 1357 3268 vittis
1382 3193 1532 3276 Sototon,
1563 3191 1691 3276 maun,
1716 3196 1874 3265 Matavo
1897 3193 2048 3269 seucum

961 3339 975 3366 .
992 3293 1263 3374 manuninum
1276 3294 1411 3391 sunnila
1424 3296 1475 3382 (¹).

517 3517 562 3604 ln
581 3517 732 3607 numine
752 3530 883 3604 sancte
903 3529 941 3604 et
960 3514 1150 3635 indiuidua
1168 3516 1349 3624 ttinitntis,
1369 3545 1491 3606 aman.
1530 3513 1715 3606 Nouenint
1733 3519 1897 3606 uniuersi
1917 3509 2049 3608 sancte

417 3635 547 3723 matris
588 3633 750 3722 ecclesie
788 3633 870 3720 filii:
912 3633 1015 3752 quod
1051 3636 1158 3722 inter·
1185 3635 1347 3722 inclitum
1388 3635 1593 3751 principem
1633 3633 1719 3722 Kaz
1784 3637 1876 3724 irum
1912 3635 2051 3724 ducem

415 3751 621 3842 Lanchicia
647 3765 685 3839 et
712 3750 900 3866 Cuyauie,
929 3765 969 3838 et
994 3752 1243 3840 venerabilem
1269 3767 1413 3868 patrem
1441 3747 1692 3955 wulfuinum
1773 3751 2048 3842 ladislauiensis

416 3871 580 3958 enclesis
605 3869 845 3986 episcopum,
874 3899 959 3956 cum
989 3897 1178 3956 consensu
1208 3870 1266 3958 sui
1295 3869 1465 3987 capituli,
1493 3885 1532 3960 ta
1545 3871 1577 3960 is
1604 3870 1705 3962 iacta
1731 3886 1791 3960 est
1815 3871 2048 3988 permutatio:

416 3987 602 4076 Dominus
630 3985 708 4074 dux
737 3985 853 4074 cessit
880 3987 917 4073 in
972 4001 1166 4103 erpetuum
1198 3984 1350 4075 (luminu
1386 3987 1570 4107 episcopo
1605 4001 1644 4078 et
1671 3989 1835 4108 capitulo
1863 3989 1965 4093 eius,
2000 4016 2047 4074 ac

415 4135 545 4194 ectum
581 4102 891 4211 successoribus,
932 4015 1221 4192 borentot
1260 4107 1444 4192 Curatum
1463 4100 1518 4218 (²)
1553 4105 1591 4192 in
1619 4107 1702 4226 ripa
1736 4111 1848 4196 ll'isle
1876 4105 2056 4222 sytuatis.

418 4222 556 4327 Cessit,
573 4223 738 4341 imquam
760 4221 855 4333 (sic),
882 4251 967 4308 cum
988 4223 1104 4340 agris,
1136 4222 1264 4340 pratis,
1295 4220 1505 4340 paludibus,
1534 4225 1700 4339 pascuis,
1720 4223 1856 4329 bonis,
1877 4221 2046 4324 saltibus,
2108 4215 2117 4238 ⁸

415 4339 520 4426 siluis
548 4352 587 4426 et
614 4338 900 4445 uenacionibus,
935 4341 1062 4460 aquis,
1091 4341 1381 4458 piscationibus,
1411 4341 1625 4432 custoribus
1651 4353 1690 4428 et
1714 4338 1939 4459 quibuslibet
1962 4337 2046 4428 aliis

515 4585 557 4672 l¹l
583 4587 631 4654 ΕΙ
642 4594 849 4673 mummulo
862 4587 1093 4655 membranaceo
1106 4608 1187 4656 anno
1203 4587 1285 4655 tutu
1298 4587 1446 4666 conlecto,
1460 4587 1492 4654 in
1506 4588 1654 4656 tabulnfin
1667 4587 1787 4676 sapienti
1802 4585 2044 4654 mummi,

411 4678 1528 4923 fflwffiomffiffiffimgrmgmss
1541 4755 1579 4824 «t
1593 4755 1743 4826 vantem
1757 4756 1826 4824 nu:
1848 4755 1915 4822 vnn
1929 4753 2045 4822 mas
