4896 5926
1017 697 1291 864 .‘.„,..

336 951 434 1042 tario
464 953 741 1074 inperpetuum
766 953 1037 1073 possidendam
1066 987 1166 1046 cum.
1182 919 1356 1048 omnbus
1386 955 1598 1046 utilitatibus
1629 986 1678 1048 ac
1709 962 1988 1094 ponentibus,
2168 983 2172 997 “

336 1069 512 1168 videlicet
545 1075 672 1194 agris,
707 1073 844 1194 pratis,
874 1075 998 1184 siluis,
1028 1077 1318 1180 vendentibus,
1348 1073 1559 1194 mellificijs,
1596 1075 1752 1165 lacubus
1783 1094 1820 1166 ot
1849 1109 1966 1198 super

345 1194 518 1304 Wpslcnn,
549 1221 598 1280 aa
617 1192 701 1308 alijs
720 1191 846 1304 aquis,
872 1193 1153 1311 piscacionibus
1172 1207 1210 1282 et
1231 1191 1474 1299 molendinis,
1501 1207 1540 1280 et
1560 1195 1748 1299 omnibus,
1770 1221 1843 1308 que
1864 1227 1966 1285 nunc

337 1319 435 1410 sunt,
454 1307 515 1399 vel
535 1306 573 1398 in
593 1311 753 1398 luturum
773 1307 903 1398 baberi
922 1327 1092 1428 possunt,
1113 1310 1327 1400 utilitatibus
1348 1309 1397 1398 ad
1419 1309 1848 1420 eandem'bereditatem,
1869 1315 1966 1403 inira

337 1423 462 1544 gades
482 1427 617 1545 ipsius,
639 1429 727 1544 jure
747 1429 1025 1546 spectantibus,
1054 1459 1149 1517 sana
1170 1444 1312 1534 mente,
1339 1430 1492 1548 propria
1512 1443 1647 1548 sponte
1668 1445 1706 1517 et
1725 1429 1870 1544 absque
1891 1431 1965 1520 ulla

337 1544 552 1652 coactione,
582 1559 792 1635 memorato
812 1547 1041 1646 munasterio
1061 1545 1110 1636 da
1130 1553 1257 1636 brido
1285 1563 1322 1636 et
1340 1547 1518 1636 iratribus
1538 1545 1673 1636 ibidem
1694 1550 1865 1654 contulit,
1892 1564 1966 1638 tra

337 1657 429 1748 didit
454 1677 492 1750 et
511 1662 675 1752 donauit
722 1663 776 1751 lta
796 1663 906 1777 quod
933 1663 1116 1782 deinceps
1141 1663 1241 1752 idem
1268 1663 1504 1768 dobeslaus,
1533 1681 1598 1754 aut
1624 1665 1682 1754 sui
1703 1697 1966 1775 successores,

337 1807 453 1897 super
478 1781 613 1870 eadem
641 1781 847 1871 hereditate
875 1781 911 1870 in
932 1797 1126 1900 posterum
1146 1779 1196 1870 nil
1219 1780 1383 1871 babeant
1402 1783 1619 1896 questionis.
1639 1816 1645 1826 ’
1671 1779 1755 1870 Nos
1776 1813 1886 1890 vero,
1915 1785 1966 1874 ob

337 1895 542 1986 remedium
556 1899 679 1987 anime
694 1917 835 2005 nostre,
855 1915 892 1988 et
906 1899 1154 2004 allectionem,
1175 1924 1286 2012 quun
1307 1902 1408 1990 cuca
1424 1898 1586 1990 eundem
1602 1900 1770 1989 ordinem
1786 1903 1966 2021 gerimus,

338 2011 474 2105 dictam
501 2015 652 2105 domm
682 2049 827 2140 augere
852 2020 1064 2137 cupientes,
1094 2016 1327 2107 absoluimus
1357 2021 1488 2137 ipsan'u
1508 2019 1558 2108 ab
1590 2017 1762 2106 amnibus
1783 2018 1966 2135 palatinis,

338 2132 552 2224 castellanis
572 2149 610 2224 et
628 2138 794 2256 ipsorum
808 2134 1011 2256 judicibus,
1031 2151 1071 2226 ut
1089 2166 1164 2226 nec
1182 2135 1233 2226 ab
1253 2136 1345 2254 ipsis
1366 2137 1483 2244 citari,
1504 2167 1577 2226 nec
1597 2165 1726 2224 coram
1746 2137 1837 2254 ipsis
1852 2151 1967 2242 stare,

337 2279 406 2338 seu
430 2251 667 2371 respondere
692 2269 906 2346 teneantur:
935 2255 1007 2346 aed
1033 2269 1175 2344 tantum
1201 2269 1331 2342 coram
1352 2255 1481 2358 nobis,
1512 2253 1600 2344 dum
1621 2253 1671 2344 ad
1692 2268 1861 2344 nostram
1882 2285 1966 2371 pre·

337 2368 505 2456 sanciam
536 2397 605 2485 per
634 2388 802 2462 nostram
832 2372 976 2460 literam
1007 2373 1107 2460 citati
1135 2374 1289 2476 luerint,
1320 2371 1599 2492 conparebunt,
1630 2401 1702 2461 suo
1726 2387 1866 2464 numm
1880 2373 1968 2490 jure

337 2487 578 2602 responsuri:
608 2505 645 2576 et
664 2491 715 2576 ab
736 2491 908 2578 omnibus
928 2487 1078 2605 dominij
1100 2491 1219 2579 nostri
1233 2489 1384 2606 juribus
1414 2503 1452 2578 et
1471 2490 1739 2580 exaccionibus
1769 2491 1968 2594 universis,

337 2600 449 2692 nobis
470 2601 621 2719 dejure
640 2607 700 2697 rel
716 2606 763 2694 de
779 2607 879 2696 lacto
895 2607 1163 2724 spectantibus,
1185 2619 1327 2692 etcum
1348 2607 1519 2694 omnibus
1541 2607 1684 2712 ineolis,
1704 2609 1785 2696 siue
1805 2610 1968 2726 propriis
2116 2683 2124 2696 .

337 2719 418 2808 sina
448 2718 585 2828 liberie,
616 2725 652 2811 in
676 2723 809 2813 eadem
840 2723 1046 2812 hereditate
1071 2722 1410 2826 commorantibus,
1440 2748 1539 2835 quos
1559 2725 1704 2839 penitus
1724 2723 1967 2824 absoluimus,
2036 2829 2041 2837 ¹
2071 2782 2075 2794 ·

337 2835 512 2930 videlicet
541 2869 565 2927 a
591 2871 791 2956 pennae
811 2875 952 2944 omar,
983 2843 1033 2929 ab
1063 2849 1188 2955 opole,
1220 2841 1441 2929 acustndia
1465 2843 1589 2944 cerni,
1620 2855 1658 2928 et
1677 2856 1887 2928 castrorum
1907 2842 1967 2928 vel
2035 2843 2045 2924 t

337 2956 512 3073 poncium
532 2958 797 3067 edificacione,
828 2974 867 3046 et
887 2961 1049 3048 omnium
1075 2959 1234 3048 aliorum
1262 2958 1528 3076 polonicalium
1555 2958 1782 3066 officiorum,
1813 2957 1969 3071 quibus

338 3098 499 3185 cumque
533 3079 615 3164 siue
649 3081 777 3184 nouis,
817 3079 899 3166 siue
932 3079 1093 3194 antiquis
1126 3077 1339 3166 nominibus
1372 3095 1610 3164 censeantur.
1667 3075 1758 3164 ltem
1794 3075 1968 3166 dominus

337 3189 470 3280 Abbas
490 3223 621 3284 omnes
642 3227 782 3285 causas
802 3210 878 3284 tam
899 3225 1060 3316 magnas
1080 3225 1192 3316 quarn
1213 3195 1337 3300 leues,
1367 3195 1425 3284 vel
1445 3196 1583 3284 iratres
1601 3197 1676 3299 sui,
1697 3194 1757 3282 vel
1779 3225 1876 3313 quos
1897 3197 1968 3312 ipsi

338 3306 494 3398 ludices
514 3311 564 3399 ad
584 3313 658 3402 hoo
679 3314 891 3434 specialiter
906 3313 1178 3432 deputauerint,
1199 3313 1425 3402 iudicabunt
1456 3312 1517 3402 De
1537 3312 1709 3400 iudicatis
1730 3341 1821 3400 uero
1841 3311 1968 3416 rebus,

338 3440 374 3514 et
389 3428 551 3518 oninium
564 3431 786 3576 judiciorum
804 3433 1062 3550 prouentibus,
1076 3432 1198 3518 nullus
1214 3433 1365 3519 omnino
1381 3432 1543 3549 aliquam
1557 3459 1737 3546 penarum
1751 3431 1968 3547 porcionem

338 3565 529 3660 presumat
548 3552 735 3668 accipere,
757 3547 828 3639 sed
850 3549 1031 3670 quidquid
1051 3549 1138 3637 inde
1158 3552 1376 3666 prouenerit
1395 3548 1626 3669 integraliter
1644 3549 1797 3636 arbitrio
1814 3549 1968 3636 lratrum

338 3659 477 3749 cedere
499 3685 757 3783 protestamur.
780 3742 785 3750 .
808 3667 860 3755 Ut
879 3681 1003 3754 autern
1025 3667 1187 3754 donacio
1208 3668 1354 3754 comitis
1376 3666 1555 3782 llnbeslaj
1577 3667 1634 3754 sin
1654 3665 1817 3782 legitime
1838 3695 1968 3780 coram

337 3779 454 3870 nobis·
475 3786 595 3886 lacta,
631 3800 668 3872 et
698 3801 827 3874 nostre
860 3785 1039 3874 libertatis
1070 3786 1271 3873 concessio
1308 3785 1414 3874 lirma
1447 3815 1516 3901 per
1545 3815 1616 3873 nos
1653 3799 1689 3870 et
1719 3813 1969 3872 successores

337 3909 490 3990 nostros
520 3903 756 4021 perhenniter
785 3905 1025 4008 obseruator,
1054 3933 1213 4021 presens
1243 3905 1525 3992 instnrnrentum
1554 3902 1591 3986 in
1611 3903 1858 3992 testimonium
1880 3929 1968 4016 pre·

337 4011 436 4103 dicte
456 4017 582 4109 domui
602 4021 651 4109 (le
666 4027 796 4108 hado
815 4039 851 4110 et
865 4022 1042 4110 iratribus
1062 4021 1244 4118 dedimus,
1266 4021 1376 4140 sigilli
1397 4021 1515 4110 nostri
1536 4017 1676 4106 robore
1692 4017 1968 4106 communitum.

175 4183 179 4190 ·
305 4131 473 4226 ,Actum
503 4139 538 4226 in
560 4145 680 4237 naas,
711 4154 748 4226 et
767 4140 894 4228 datum
925 4141 961 4226 in
982 4139 1161 4227 cathedra
1187 4139 1286 4226 beati
1315 4139 1434 4240 Petri,
1464 4137 1536 4224 sub
1565 4163 1666 4222 anno
1696 4134 1971 4224 incarnacionis

337 4246 476 4344 domini
498 4255 579 4343 ΜΝ
601 4257 709 4344 CC¹'¹⁰
728 4259 979 4377 nonogesimo
1001 4257 1084 4369 (sic)
1110 4257 1269 4374 septimo
1289 4255 1495 4349 lndictione
1515 4251 1673 4338 decima.
1725 4251 1969 4348 Presentibns

336 4365 407 4491 hijs
428 4377 602 4464 testibus:
632 4377 769 4463 comite
797 4375 950 4463 Zauisio
980 4375 1142 4490 palatino
1172 4371 1410 4487 Syradiensi,
1442 4370 1594 4458 domino
1622 4368 1796 4454 iohanne
1816 4370 1967 4455 cancel·
2021 4406 2058 4477 =,

193 4591 201 4608 ,
338 4481 430 4580 lario
451 4495 684 4610 cuyauiensi,
714 4495 849 4582 comite
876 4491 1045 4580 Ubeslao
1062 4493 1245 4610 pincerna
1267 4489 1478 4592 lralisiensi,
1507 4487 1642 4575 comite
1662 4485 1870 4574 lllirnslaun
1891 4485 1968 4574 filio
2040 4518 2050 4563 t

336 4611 623 4820 predpelaonis,
661 4613 807 4698 Comite
837 4609 1085 4728 Sandywnyc
1113 4605 1393 4696 subcamerario
1424 4605 1632 4712 lralisiensi,
1667 4633 1714 4692 ac
1743 4603 1825 4722 alijs
1856 4633 1969 4724 quam
2045 4615 2059 4691 l
2206 4648 2213 4658 ·

338 4730 432 4846 plur'
461 4761 505 4818 us
533 4727 608 4816 lide
635 4729 771 4849 dignis.
