4876 5940
1184 732 1228 746 --
1281 692 1356 768 mc
1410 663 1470 772 -s

508 901 542 988 ei
572 895 873 987 Wladislauiensi
902 925 1022 1015 prope
1047 883 1222 984 Slmosoo'
1242 891 1314 1008 (³),
1346 908 1500 1016 propter
1531 893 1586 982 sui
1614 894 1831 1013 paruitatem
1863 907 1922 982 est
1952 893 2069 984 nobis¹
2087 909 2125 982 et

509 1015 667 1112 ecclesie
688 1027 817 1106 nostre
838 1015 990 1120 inutilis,
1022 1027 1060 1102 et
1080 1014 1201 1102 multis
1222 1016 1329 1104 aunis
1347 1014 1482 1103 nullum
1505 1013 1661 1102 lructum
1681 1014 1844 1101 allerens
1865 1013 1978 1100 iacuit
1993 1011 2125 1104 deser·

509 1152 603 1243 tata3
625 1134 784 1224 eandem
805 1133 1055 1238 hereditatem,
1077 1134 1230 1226 consilio
1251 1149 1396 1232 maturo
1418 1150 1454 1223 et
1475 1148 1634 1220 tractatu
1656 1131 1850 1249 sollempni
1879 1131 2012 1220 habitis
2041 1162 2124 1220 cum

508 1255 681 1344 iratribus
701 1255 858 1358 nostris,
891 1253 1051 1372 capitulo
1073 1252 1245 1341 videlicet
1266 1253 1527 1371 poznaniensis
1548 1249 1726 1352 ecclesie,
1759 1267 1795 1340 et
1816 1250 1863 1340 de
1884 1283 2015 1338 eorum
2036 1283 2124 1340 con·

479 1373 590 1464 silio
620 1404 666 1462 oc
692 1404 874 1480 assensu,
906 1370 1137 1462 vendidimus
1168 1373 1368 1461 venerabili
1390 1373 1484 1491 patri
1515 1367 1664 1458 domino
1686 1369 1896 1472 Geruardo,
1918 1369 2124 1460 Wladisla·

508 1494 625 1603 piensi
646 1494 826 1612 episcopo
856 1505 893 1582 et
919 1490 1078 1579 ecclesie
1107 1523 1193 1596 sue,
1215 1521 1283 1609 pro
1310 1507 1414 1580 certa
1436 1491 1600 1610 vpecunie
1628 1492 1839 1608 quantitate,
1862 1488 2032 1578 videlicet
2061 1491 2125 1578 tri-

407 1647 409 1658 ·
508 1615 611 1734 ginta
630 1608 767 1700 marcis
788 1612 933 1732 argenti
949 1609 1089 1700 usualis
1103 1625 1252 1700 monete
1268 1611 1505 1698 thoruuensis
1515 1610 1602 1732 jure
1618 1608 1840 1699 hereditario
1855 1610 1889 1696 in
1906 1623 2123 1726 perpetuum

507 1729 788 1850 possidendam.
850 1729 973 1818 Omne
1003 1730 1059 1818 ius
1088 1745 1257 1818 nostrum
1284 1745 1321 1818 et
1348 1729 1508 1820 ecclesie
1534 1743 1689 1830 nostre,¹
1716 1727 1818 1848 quod
1839 1728 1946 1842 nobis
1967 1729 2003 1816 in
2025 1727 2126 1816 dicta

509 1850 747 1968 competebat
775 1849 999 1953 hereditate,
1031 1878 1104 1935 una
1135 1879 1219 1936 cum
1250 1849 1412 1967 capitulo
1442 1863 1572 1936 nostro
1594 1846 1764 1966 predicto
1786 1862 1921 1966 sponte
1942 1863 1980 1936 et
1999 1846 2125 1936 libero:

510 1999 557 2058 ea
592 1969 802 2056 intencione
835 1967 1012 2072 maxime,
1044 1966 1145 2084 quod
1182 1997 1251 2085 pro
1287 1966 1419 2055 eadem
1456 1969 1616 2085 pecunia
1649 1968 1835 2058 maiorem,
1863 1965 2125 2072 hereditatem,

509 2088 672 2175 ecclesie
693 2103 820 2176 nostre
848 2087 1027 2176 utiliorem
1048 2099 1085 2172 et
1104 2086 1317 2174 viciniorem
1331 2087 1642 2204 comparauimus:
1663 2087 1698 2174 in
1719 2087 1900 2206 prelatum
1930 2085 2126 2174 venerabi·

510 2205 581 2292 lem
602 2218 744 2324 patrem
766 2205 952 2294 dominum
972 2202 1322 2293 Wladislauiensem
1340 2206 1558 2324 episcopum
1579 2220 1616 2292 et
1636 2235 1741 2292 suam
1763 2204 1974 2308 ecclesiam,
1996 2217 2126 2292 tenore

510 2325 744 2444 presencium
780 2327 1064 2429 transferentem
1096 2339 1131 2412 et
1159 2321 1482 2442 recognoscentes
1510 2355 1557 2412 ex
1582 2355 1698 2429 nuno,
1730 2322 1830 2442 quod
1865 2325 2024 2442 pecunia
2044 2354 2129 2440 pre·
2170 2376 2174 2384 ·

509 2441 609 2530 dicta
639 2473 707 2562 pro
739 2444 944 2531 hereditate
973 2443 1116 2560 prelata
1145 2459 1203 2530 est
1224 2445 1331 2532 nobis
1353 2443 1423 2530 iam
1446 2442 1675 2563 integraliter
1706 2442 1908 2560 persoluta.
1971 2441 2126 2530 Renou-

509 2563 652 2652 ciamus
674 2563 784 2682 igitur
804 2563 1011 2651 voluntarie
1052 2563 1150 2681 omui
1184 2563 1328 2648 accioni
1359 2564 1437 2650 siue
1464 2562 1681 2680 repeticioni
1712 2559 1926 2651 hereditatis
1947 2561 2126 2678 predicte,
2196 2577 2199 2582 '

378 2675 385 2724 ¹'
436 2702 441 2715 ·
508 2697 545 2770 et
566 2682 663 2768 omni
684 2681 819 2769 auxilio
834 2683 931 2800 juris
949 2682 1122 2768 canonici
1145 2696 1181 2769 et
1201 2683 1341 2788 ciuilis,
1373 2713 1442 2800 per
1490 2713 1536 2768 uo
1565 2679 1738 2768 vendicio
1760 2696 1797 2769 et
1818 2683 1962 2798 empcio
1985 2709 2126 2767 memo·

509 2813 590 2888 rate
604 2799 825 2914 hereditatis
846 2799 1009 2889 rescindi
1040 2799 1207 2908 valeant,
1240 2799 1298 2886 uel
1327 2713 1606 2920 quomodolibet
1629 2798 1802 2918 inpediri.
1862 2800 2126 2901 ¹promittentes

508 2917 763 3008 nichilominus
793 2951 864 3008 una
894 2949 978 3009 cum
1008 2919 1110 3006 dicto
1144 2935 1275 3007 nostro
1311 2917 1493 3034 capitulo,
1525 2949 1594 3036 pro
1626 2919 1724 3006 omui
1754 2919 1944 3008 e'uiccioue
1972 2932 2009 3004 et
2029 2919 2127 3006 omni

375 3129 380 3140 ,
509 3035 791 3156 indempnitate,
821 3041 873 3141 si,
906 3035 1006 3157 quod
1034 3037 1151 3142 absit,
1190 3039 1372 3156 quispiam
1403 3039 1584 3154 prelatum
1614 3037 1803 3126 dominum
1835 3037 2126 3128 Wladisluuien·

509 3185 589 3246 sem
611 3157 845 3274 episcopum,
878 3154 1082 3243 hereditate
1104 3157 1282 3274 inpeteret
1302 3187 1370 3274 pro
1393 3155 1536 3244 eadem.
1599 3155 1640 3244 ln
1663 3158 1767 3244 cuius
1799 3159 1853 3244 rei
1883 3159 2127 3246 testimonium

509 3305 557 3362 ac
577 3276 692 3363 robur
713 3289 891 3412 perpetue
911 3271 1109 3378 firmitatis,
1141 3291 1336 3393 presentes
1367 3275 1493 3363 literas
1525 3275 1733 3394 sigillorum
1765 3277 1880 3382 nostri
1910 3275 2127 3396 accephali

509 3396 627 3482 nostri
659 3395 921 3512 poznamensis
950 3396 1183 3513 appensione
1228 3395 1383 3484 lecimus
1415 3395 1642 3482 communiri.
1706 3396 1839 3484 Actum
1870 3412 1907 3483 et
1937 3393 2062 3484 datum
2092 3397 2127 3484 in
2249 3415 2256 3434 '

510 3518 709 3600 Brzerozet
767 3512 1011 3602 Presentihus
1032 3513 1310 3602 honorabilibus
1331 3515 1439 3614 viris,
1471 3513 1631 3602 dominis
1652 3515 1825 3602 iratribus
1854 3515 2011 3618 nostris,
2044 3545 2127 3634 pre·

504 3631 593 3717 ¹latis
614 3635 861 3720 etcanonieis
882 3631 930 3718 de
948 3634 1112 3750 capitulo
1129 3635 1381 3749 poznaniensi,
1404 3632 1583 3720 videlicet:
1607 3631 1803 3754 Phyttippo
1826 3633 1907 3747 (sio)
1925 3635 2127 3754 preposito,

508 3747 683 3840 ,Iohanne
703 3749 1006 3868 archydyacono,
1028 3750 1368 3856 Poznaniensibus3
1399 3749 1558 3840 Nicolao
1581 3750 1749 3854 decano,
1771 3753 1926 3854 Gerliho
1956 3753 2127 3842 scolasti·
2228 3825 2231 3832 Δ

510 3898 568 3972 co,
629 3871 894 3978 noroensibus3
925 3865 1078 3988 lllathya
1100 3867 1268 3976 decano,
1314 3869 1469 3958 Alberto
1490 3871 1704 3976 scolastico,
1742 3871 2129 3974 Wladislauiensibus,

509 4003 547 4077 ct
613 3987 745 4107 oyslao
776 3989 1010 4077 thezaurario
1039 3988 1140 4076 curie
1170 4005 1314 4094 nostre,
1346 4019 1445 4078 anno
1473 3987 1610 4079 domini
1640 3989 1697 4080 M⁰
1718 3989 1836 4080 ced
1866 3987 2061 4096 uicesimo,
2092 3991 2127 4080 in

510 4123 644 4198 octaua
665 4107 764 4198 beati
785 4107 933 4196 Martini
955 4107 1186 4198 confessoris
1207 4123 1320 4230 atque
1341 4107 1537 4226 pontilicis.

611 4428 651 4510 (³)
681 4401 788 4503 Villam
803 4428 974 4498 Peraean·
984 4427 1093 4499 nucu
1109 4433 1138 4498 in
1155 4429 1304 4498 lndieihus
1318 4431 1466 4510 locorum,
1489 4439 1520 4498 et
1534 4430 1642 4498 chortis
1657 4431 1861 4519 geographicis
1876 4432 2087 4520 quaesivimus
