4876 5940
1104 723 1376 798 -lllS-

427 925 703 1042 Cysterciensis
724 921 889 1028 Ordinis,
918 921 1245 1011 Wladislaviensis
1272 921 1449 1038 dyocesis
1479 923 1514 1008 in
1536 933 1668 1010 nostro
1689 919 1852 1008 dominio
1874 923 2055 1010 constitu-

424 1060 520 1151 tum,
550 1044 734 1130 anostris
760 1041 980 1128 officialibus
1009 1071 1078 1160 per
1106 1056 1273 1128 nostram
1301 1039 1640 1127 dissimulaeionem
1669 1069 1717 1127 ac
1746 1041 2052 1129 convenienciam

426 1163 759 1259 [loconiuenciam]
790 1159 987 1271 aliqualem
1016 1159 1254 1272 frequencius
1284 1173 1465 1279 gravatur
1486 1159 1630 1273 injuste,
1653 1173 1689 1244 et
1710 1158 1872 1276 dampna
1895 1159 2052 1274 plurima

425 1283 641 1400 irrogantur
661 1277 792 1384 eidem,
824 1277 1028 1366 districtum
1054 1277 1124 1364 Dei
1145 1276 1386 1364 lormidantes
1400 1275 1601 1392 judicium,
1622 1289 1660 1360 et
1680 1277 1789 1362 saluti
1803 1283 1938 1365 'nostre
1966 1307 2053 1394 per·

423 1399 572 1515 spicere
592 1397 859 1514 [lprospioere]
884 1396 1099 1513 cupientes,
1120 1395 1259 1482 Abbati
1291 1409 1326 1481 et
1348 1393 1523 1481 lratribo's
1553 1393 1641 1480 dicti
1661 1397 1876 1484 monasterii
1904 1424 2053 1482 recom-

424 1545 582 1636 pensam
604 1515 760 1601 iacimus
781 1515 1018 1634 grecidsam,
1049 1544 1118 1632 per
1138 1515 1213 1602 boc
1233 1513 1515 1632 progenitorum
1536 1527 1748 1600 nostrorum
1770 1515 1975 1600 animarum
1991 1543 2053 1600 re·

423 1632 605 1738 medium,
635 1663 682 1720 ac
712 1651 926 1720 nostrorum
956 1632 1214 1749 peccaminum
1245 1631 1521 1750 indulgenciam
1549 1659 1755 1748 procurare
1776 1630 2051 1735 desiderantes,

424 1753 549 1842 omnia
566 1751 667 1839 bonu
685 1779 874 1840 concessa
890 1779 913 1836 a
928 1748 1266 1868 predecessoribus
1282 1749 1435 1852 nostris,
1450 1748 1582 1836 inclitis
1597 1749 1836 1866 principibus,
1846 1750 1882 1836 in
1898 1777 2053 1867 presen-

424 1871 524 1973 tibus
544 1867 822 1956 confirmamus.
857 1866 1113 1956 Concedimus
1134 1869 1253 1954 eciam
1275 1867 1396 1955 eidem
1418 1869 1647 1955 monasterio
1672 1883 1708 1954 et
1736 1867 1910 1956 iratribus
1940 1869 1975 1953 in
2002 1865 2053 1952 ibi

423 1990 509 2076 Deo
529 1987 791 2076 famulantibus
812 1987 1048 2101 plenissimas
1069 1985 1259 2073 libertates
1280 1987 1317 2071 in
1337 1986 1508 2073 omnibus
1529 1986 1639 2072 bonis
1661 2015 1802 2089 eorum,
1825 2012 1899 2098 que
1914 1987 1949 2072 in
1971 1985 2054 2072 Do·

424 2106 537 2194 minio
567 2119 698 2191 nostro
728 2105 765 2190 in
795 2103 1021 2191 Castellania
1044 2101 1360 2222 Wissegrodensi
1391 2115 1427 2189 ct
1457 2102 1728 2223 Bydgoscensi
1751 2104 1832 2215 (sic)
1853 2101 2054 2220 possidere

436 2222 618 2327 videntur,
635 2247 793 2334 quorum
815 2223 964 2308 nomina
985 2234 1071 2310 sunt
1091 2221 1182 2309 hec:
1221 2226 1463 2323 Tronsoln'oz,
1494 2227 1660 2323 Sncovo,
1700 2227 1931 2335 Cycersetocz
1967 2251 2053 2307 cum

424 2354 528 2432 sorte
549 2339 619 2428 sibi
639 2338 838 2457 adjacente
862 2341 1025 2442 centon,
1046 2344 1230 2436 Stronno,
1261 2344 1576 2438 Samoczonsclo,
1607 2345 1753 2427 Weseno
1774 2341 1895 2457 majus
1917 2354 1955 2426 et
1984 2339 2048 2426 mi-

425 2489 515 2563 nus,
535 2463 681 2559 Smecz,
713 2464 821 2544 Velim
836 2473 873 2546 ot
891 2463 1037 2574 Glym'lc,
1063 2462 1243 2555 Gorscoo,
1274 2463 1498 2560 ll'unsoono,
1513 2465 1659 2571 Beeyn,
1681 2462 1910 2557 Gozcirnzc,
1944 2463 2053 2544 nom

400 2585 581 2678 tronea,
614 2579 782 2662 Trzicbt'c
803 2606 887 2684 curn
909 2581 1041 2690 Kneyc
1061 2591 1098 2662 el
1119 2593 1204 2662 cum
1224 2581 1437 2675 Ncnecooc,
1464 2581 1699 2673 Dambrooa,
1716 2581 1966 2674 Sctodrtcom,
1992 2579 2051 2660 Vi·

423 2702 518 2782 lcloo
539 2723 624 2780 curu
646 2709 750 2781 sorte
772 2694 841 2780 sibi
856 2693 1067 2810 adjacente,
1088 2697 1267 2808 Snym'oz,
1285 2698 1487 2806 Byssoot'c,
1504 2699 1653 2793 Sedlno,
1669 2699 1870 2804 Scorbeoo,
1891 2699 2051 2793 Bosclo,

423 2817 628 2926 Lypiclnito
651 2807 715 2924 (²).
762 2809 908 2898 Damus
929 2813 1049 2899 eciam
1070 2814 1125 2897 eis
1155 2827 1378 2928 potestatem
1405 2811 1556 2898 locandi
1576 2812 1664 2928 jure
1690 2811 1920 2916 theutonico,
1948 2808 2053 2928 quod

422 2928 614 3044 Meydbur
645 2959 736 3016 ense
757 2929 952 3048 wlgariter
968 2927 1121 3034 dicitur,
1134 2929 1195 3014 vel
1212 2927 1285 3015 alio
1303 2957 1551 3046 quocumque,
1573 2943 1686 3045 prout
1706 2928 1760 3015 eis
1776 2927 1959 3016 videbitur
1974 2959 2053 3016 me·

297 3145 308 3167 ,
425 3045 494 3134 lius
517 2957 714 3163 expedire:
736 3045 802 3152 ita,
824 3061 864 3132 ut
879 3047 929 3133 ab
946 3045 1117 3134 omnibus
1139 3044 1347 3149 laboribus,
1370 3047 1653 3152 exaccionibus,
1680 3045 1953 3152 solucionibus,
1974 3075 2054 3132 ser·

289 3201 298 3228 ⁴
425 3163 543 3270 viciis,
564 3165 740 3270 vecturis,
761 3165 933 3272 araturis,
952 3194 975 3252 a
992 3171 1150 3278 preood,
1171 3193 1193 3250 a
1210 3196 1416 3277 povorooe,
1432 3173 1709 3282 apoduorooe,
1723 3173 1930 3278 poootooe,
1946 3193 1970 3249 a
1979 3195 2053 3276 po-

424 3315 516 3382 tooz,
538 3310 562 3366 a
582 3287 719 3382 minoz,
741 3311 766 3367 a
785 3315 917 3384 narce,
939 3311 963 3368 a
982 3287 1173 3382 weinetb,a
1194 3300 1411 3383 casteone
1433 3288 1592 3383 ucsmca,
1609 3313 1638 3369 a
1653 3300 1802 3382 mostne,
1820 3312 1842 3367 a
1853 3289 2052 3396 porodlne,

423 3431 446 3486 a
467 3418 616 3500 sunzo,
639 3428 664 3484 a
687 3407 790 3500 bone,
811 3429 835 3486 a
854 3433 990 3496 vacco,
1012 3429 1185 3513 aporoo,
1207 3415 1243 3488 et
1264 3399 1314 3486 ab
1334 3400 1416 3487 aliis
1437 3400 1621 3488 universis
1642 3399 2053 3518 gravamirdbus‚¹quo·

423 3547 573 3634 cunque
593 3517 742 3604 nomine
762 3533 1000 3624 censeantur3
1020 3517 1069 3604 ab
1091 3519 1262 3605 omnibus
1279 3519 1397 3605 eciam
1414 3519 1592 3720 angariis,
1614 3519 1861 3636 perangariis,
1882 3547 1968 3602 cum
1984 3516 2055 3604 bo·

424 3633 584 3720 minibus
602 3663 741 3739 eorum,
759 3634 919 3722 absoluti
936 3637 1009 3723 sint
1024 3636 1170 3750 penitus
1192 3649 1225 3722 et
1243 3637 1413 3752 exempti.
1483 3667 1623 3752 nsuper
1640 3635 1889 3750 plenissrmam
1899 3633 2056 3751 jurisdi-

424 3754 586 3840 ctionem
607 3779 655 3837 ac
669 3754 734 3868 jos
754 3753 940 3872 integrum
962 3767 999 3840 ct
1012 3751 1194 3868 judicium
1215 3754 1252 3838 in
1273 3753 1445 3840 omnibus
1466 3755 1617 3840 omnino
1639 3751 1732 3840 locis
1746 3753 1931 3839 bonorum
1948 3750 2053 3838 bere-

424 3869 653 3987 ditatumque
675 3868 938 3986 predictarum,
960 3886 996 3958 et
1017 3871 1136 3955 eciam
1158 3871 1193 3954 in
1215 3872 1284 3957 viis
1305 3871 1462 3988 publicis
1484 3885 1518 3958 et
1541 3871 1701 3973 semitis,
1730 3901 1777 3956 ao
1798 3871 1866 3956 viis
1889 3870 2054 3988 privetis.

422 3986 583 4106 Insuper
598 3999 724 4074 castra
740 4002 777 4074 et
790 4001 926 4103 pontes
942 4017 1018 4079 non
1032 3985 1270 4094 edificabunt,
1286 4017 1359 4075 nec
1375 3987 1625 4079 emendabunt
1641 4017 1712 4074 nec
1728 3987 1778 4075 nd
1788 3985 2054 4106 expediciones

499 4255 565 4353 ι(ῑ)
594 4255 629 4320 ln
652 4263 736 4342 parto
757 4275 864 4354 ayerso
884 4253 973 4342 hujus
995 4253 1115 4354 tabulae
1137 4255 1407 4354 literarumnductu
1426 4249 1525 4354 xtu.
1548 4253 1667 4321 sacerdo
1687 4255 1798 4356 usitato
1814 4259 1960 4353 ‘annotato
1982 4259 2053 4317 suut

424 4359 548 4405 nomina
570 4340 741 4440 eomundem·
756 4339 909 4438 ullorum,
931 4347 1089 4440 posteriori
1110 4347 1247 4438 tempore
1269 4339 1454 4438 alrpuontpm
1477 4345 1649 4440 rmrputulo,
1671 4339 1717 4439 bns
1740 4338 1853 4440 verbis:
1876 4337 2055 4416 „ll-epm,

422 4407 562 4522 hmo,
588 4421 772 4520 Cretrzeeoecc
814 4424 882 4490 odre
900 4424 1090 4524 llzmaopec
1102 4445 1234 4524 regionis
1249 4422 1447 4522 Swgecepsrsl,
1467 4419 1612 4522 Gebtowo
1635 4423 1723 4488 bodre
1736 4419 2055 4518 Jetcowo),·snnmo‚

426 4504 640 4604 Soemmopzleo
662 4507 760 4591 (bodre
791 4515 905 4608 ortossp
928 4505 1073 4573 δαηιοσιη
1086 4507 1229 4595 oppidum
1243 4515 1386 4574 territoru
1407 4507 1655 4593 Bydgosllensrs,
1679 4509 1831 4608 Wodzyno
1846 4525 1959 4581 mous,
1984 4504 2056 4571 Wo-

423 4591 522 4761 tm
536 4589 1119 4742 caenacula
1140 4589 1639 4744 ‘'edctltmcttssttt
1664 4527 2056 4752 lambec

420 4695 797 4910 Βιῆεώσοῒρζάζὲἔὲῗ
832 4699 1022 4832 Omoodbno
1035 4699 1210 4830 »ἐπεξίω
1223 4769 1295 4829 sunt
1308 4722 1390 4828 nuni
1411 4760 1442 4827 in
1456 4699 1838 4848 torrimldisl'd'goeuenn
1852 4759 1934 4827 baud
1949 4717 2056 4846 procul

423 4865 442 4912 a
483 4863 600 4932 ystoria
635 4863 661 4910 rs
694 4865 713 4909 u
760 4889 768 4908 .
