4926 5940
1079 637 1353 710 -uuu-

404 877 538 936 manus
555 843 712 936 iudicis.
733 839 893 930 maxime
914 841 989 928 lroc
1009 853 1119 946 casu,
1132 865 1217 926 cum
1237 833 1492 928 Reuerendus
1512 853 1621 956 poter
1640 835 1818 961 dominus
1838 845 2035 938 dolrdnnes

404 967 557 1056 Andree
577 953 627 1049 do
651 963 835 1048 Culde'm's
857 959 996 1047 dudum
1016 956 1255 1047 antedictam
1271 971 1483 1074 pretcnsom
1500 961 2035 1084 proposicionemrcgestrum

380 1088 530 1180 lrabuit
550 1085 586 1169 in
607 1076 979 1181 huiusmodicausa,
1011 1093 1058 1182 et,
1079 1077 1118 1164 u't
1139 1075 1315 1182 creditur,
1336 1074 1447 1193 plene
1468 1073 1697 1166 deliberatus
1717 1079 1842 1168 luerit:
1872 1081 1906 1170 si
1926 1113 2035 1203 ergo,

402 1218 442 1291 ut
462 1200 618 1304 videtur,
639 1195 819 1316 graciose
831 1199 1051 1314 expectavit
1068 1203 1210 1312 partem
1232 1195 1435 1311 adversam
1456 1191 1715 1300 diucius,·lroo
1735 1227 1810 1286 uon
1830 1199 1947 1289 debet
1966 1233 2029 1291 no·

401 1345 490 1412 cera
510 1318 609 1406 dicte
629 1315 804 1402 ecclesie.
840 1315 996 1420 Teroio,
1019 1347 1087 1433 per
1106 1313 1337 1403 sentenciam
1358 1311 1586 1401 diffinitivam
1607 1313 1938 1428 atlindicatoriam‚
1957 1345 2034 1431 que

402 1443 536 1529 iurem
553 1433 721 1524 transivit
741 1431 953 1541 iudicatam,
973 1433 1141 1554 queritur
1162 1433 1228 1550 jus
1247 1431 1355 1548 porti,
1376 1460 1446 1548 pro
1467 1459 1542 1547 qua
1568 1433 1701 1539 lertur,
1733 1447 1769 1522 et
1790 1437 1847 1524 sic
1867 1439 2033 1554 pordic

402 1576 477 1648 tarn
495 1555 724 1642 dil'mitiuam
745 1549 1056 1640 adiudicotoriam
1077 1551 1307 1639 sentenciam
1328 1565 1364 1637 et
1384 1549 1479 1638 alias
1502 1562 1593 1637 tros
1609 1581 1726 1670 super
1754 1557 1912 1642 transitu
1939 1557 2034 1646 illius

403 1679 439 1765 in
460 1705 539 1761 rem
560 1673 774 1782 iudicatam,
794 1687 832 1759 et
852 1669 1077 1758 desercione
1097 1667 1369 1788 appellacionis
1388 1667 1438 1754 ab
1458 1675 1507 1752 ea
1526 1669 1745 1786 interposite
1768 1671 1834 1790 jus
1853 1673 1918 1761 luit
1938 1701 2031 1792 que-

271 1851 276 1861 ,
402 1796 511 1882 situm
532 1790 631 1878 dicte
652 1790 814 1876 ecclesie
835 1791 871 1876 in
893 1788 993 1878 dicta
1015 1819 1159 1877 summa
1181 1789 1345 1904 quinque
1366 1783 1503 1872 milium
1523 1788 1606 1899 (sic)
1628 1817 1721 1875 saxa
1752 1793 1927 1895 enarum,
1958 1821 2030 1910 que

402 1912 640 2012 constituunt,
661 1905 705 1992 ut¹
722 1904 864 2010 dicitur,
885 1937 1069 1994 summam
1090 1906 1302 2022 quindecim
1319 1905 1453 1992 milium
1470 1901 1701 1994 lloreuorum
1719 1815 1965 2016 denensium,
1985 1937 2032 1996 ac

402 2027 602 2146 expensis:
635 2040 672 2112 et
691 2025 821 2113 tollere
849 2027 922 2112 tale
941 2027 1006 2141 jus
1034 2027 1219 2144 quesitum
1246 2023 1409 2111 ecclesie
1437 2025 1704 2142 gravissimum
1729 2023 1933 2132 videretur,-
1964 2056 2035 2114 nec

402 2145 568 2235 creditur
589 2143 637 2228 de
657 2143 867 2230 intencione
888 2146 1098 2260 sanctitatis
1118 2161 1243 2230 vestre
1264 2143 1345 2228 lore
1366 2142 1475 2231 alicui
1496 2141 1628 2228 tollere
1638 2142 1702 2260 jus
1720 2147 1925 2260 quesitum,
1947 2175 2035 2262 ρτε-

400 2265 531 2362 sertim
557 2262 592 2346 in
622 2291 665 2346 re
697 2263 746 2344 ita
777 2259 914 2362 arduo,
945 2275 982 2346 et
1002 2262 1162 2348 maxime
1182 2255 1345 2349 ecclesie
1369 2289 1482 2348 secus
1502 2261 1653 2347 loretin
1680 2259 1973 2366 beneficialibus,
1995 2277 2035 2350 ut

403 2379 597 2471 sentencia
618 2406 694 2464 non
715 2373 879 2463 daldae.
900 2377 1061 2491 Quarto,
1084 2393 1362 2466 consueverunt
1376 2376 1540 2465 Romani
1560 2376 1759 2496 pontilices
1784 2392 1821 2464 et
1840 2379 2033 2468 Sanctitas

404 2512 531 2586 vestra
558 2491 730 2614 ecclesijs
756 2495 793 2580 in
813 2496 941 2600 rebus,
962 2497 1022 2584 ubi
1044 2498 1161 2614 laverj
1183 2507 1322 2616 potest,
1345 2523 1429 2582 cum
1450 2498 1552 2584 bona
1573 2496 1736 2614 equitate
1759 2497 1910 2604 lavere,
1941 2514 1979 2586 at
1998 2499 2034 2584 in

402 2611 645 2736 preiudicium
666 2613 924 2719 ecclesiarum,
946 2643 1104 2736 quarum
1125 2615 1307 2702 sanctitas
1329 2629 1457 2702 vestra
1479 2609 1590 2733 c'aput
1612 2627 1649 2700 et
1672 2629 1866 2734 protector
1885 2632 1954 2718 cst,
1977 2619 2031 2703 ni·

402 2734 475 2824 ulril
494 2730 727 2818 concedere:
759 2733 955 2850 presertim
983 2735 1018 2819 in
1045 2733 1215 2820 favorem
1236 2732 1429 2838 laicorum,
1459 2731 1597 2820 domus
1618 2746 1655 2818 et
1671 2731 1830 2850 pellacia
1850 2735 2030 2836 ecclesia*

401 2881 483 2941 rum
510 2849 800 2936 destruencium.
833 2851 996 2965 Quibus,
1024 2863 1061 2938 et
1081 2851 1165 2970 alijs
1186 2851 1364 2970 pluribus,
1385 2851 1555 2958 attentis,
1587 2851 1820 2969 supplicatur
1847 2854 2033 2942 sanctitati

401 2981 528 3058 vestre
548 2997 619 3086 pro
641 2979 749 3085 parte
771 2971 915 3084 prelata
936 2962 1107 3074 ecclesie,¹
1130 2971 1236 3057 ouius
1257 2971 1378 3057 eciam
1399 2983 1504 3058 certa
1524 2965 1672 3056 edilicia
1691 2999 1763 3088 per
1783 2970 1915 3059 hostes
1948 2969 2036 3058 dicti

400 3087 531 3206 Regni
552 3115 671 3200 nuper
691 3088 887 3175 combusta
908 3087 1086 3193 existunt,
1117 3089 1290 3200 quatinus
1319 3086 1451 3174 eedem
1482 3086 1566 3201 (sic)
1597 3087 1758 3176 ecclesie
1789 3091 1825 3176 in
1852 3089 1940 3206 jure
1960 3117 2030 3176 suo

400 3206 461 3326 pie
481 3199 773 3320 compaciendo,
795 3233 866 3292 neo
880 3207 944 3323 jus
965 3235 1074 3291 suurn
1095 3206 1323 3311 aulereudo,
1355 3204 1491 3322 dando·
1504 3203 1738 3323 adversarijs
1770 3207 1939 3296 eiusdem
1969 3235 2030 3292 ec

402 3325 518 3414 clesie
549 3323 721 3429 lavares,
753 3322 823 3412 sed
853 3325 986 3440 pocius
1016 3326 1137 3440 ipsam
1163 3325 1363 3413 ecelesiam
1394 3326 1429 3410 in
1453 3327 1540 3443 jure
1568 3353 1640 3412 suo
1667 3326 1760 3412 et-in
1774 3327 1860 3443 jure
1881 3325 2029 3413 comuni

400 3441 486 3552 (sic)
507 3437 786 3548 conservando,
808 3455 967 3530 statutus
989 3443 1072 3556 (sic)
1089 3472 1288 3532 causarum
1303 3437 1513 3531 huiusmodi
1533 3440 1710 3530 habendo
1732 3473 1802 3562 pro
1824 3444 2030 3564 expressis,

239 3644 242 3650 ,
400 3559 484 3646 illas
505 3558 554 3645 ad
576 3587 619 3644 se
641 3556 781 3648 directa
810 3559 1021 3666 advocare,
1054 3589 1201 3650 necnon
1232 3562 1340 3649 alicui
1370 3593 1417 3648 ex
1438 3558 1677 3650 Reverendis
1702 3561 1871 3681 patribus
1900 3576 2063 3652 sanutc'

394 3675 579 3764 Romane
600 3677 760 3764 ecclesie
781 3678 1043 3766 Cardinalibus
1064 3681 1293 3770 committere
1314 3695 1350 3767 et
1372 3677 1552 3768 mandare
1567 3678 1765 3798 dignemur
1786 3680 1879 3792 (sic),
1900 3693 1940 3766 ut
1961 3681 2030 3767 ltu·

402 3791 562 3880 iusmudi
583 3805 797 3906 pretensam
818 3797 1131 3903 commissionem,
1153 3829 1200 3886 ex
1216 3797 1381 3887 adverso
1399 3827 1467 3914 pro
1484 3809 1591 3913 parte
1611 3798 1699 3886 dicti
1720 3799 1821 3918 opidi
1840 3803 2032 3901 Gdocerk,

322 3936 324 3942 “
399 3910 718 4016 adversariorum,
738 3915 775 3998 in
796 3911 1037 4028 preiudicium
1059 3913 1157 4001 dicte
1173 3916 1335 4002 ecclesie
1351 3932 1387 4003 et
1409 3917 1682 4004 sentenciamm
1703 3947 1772 4034 pru
1805 3947 1851 4002 ea
1871 3917 2031 4003 latarum

401 4043 596 4130 extortam,
618 4059 693 4116 noo
715 4031 888 4120 obstante
907 4033 943 4120 in
965 4031 1073 4122 dictis
1094 4035 1232 4137 causis,
1254 4037 1285 4122 si
1300 4050 1336 4121 at
1357 4046 1467 4151 prout
1488 4032 1650 4121 deduce
1671 4035 1821 4122 comuni
1836 4035 1955 4140 luerit,
1978 4035 2032 4121 ni-

401 4147 474 4236 chil
502 4148 635 4265 gracie
663 4165 727 4236 aut
753 4151 895 4242 favoris
923 4149 1032 4238 alicui
1060 4150 1244 4239 dictarum
1267 4155 1445 4270 parcium,
1469 4153 1611 4244 scilicet
1641 4153 1807 4242 ecclesie
1834 4173 1899 4246 aut
1918 4151 2031 4270 opido

259 4293 260 4296 ‘
401 4264 578 4404 predictis
607 4265 876 4369 concedendo,
908 4269 978 4356 sed
1007 4269 1139 4358 ambas
1170 4285 1298 4389 partes
1329 4271 1457 4389 adjus
1478 4299 1639 4358 comune
1659 4271 1901 4362 reducendus
1929 4285 1967 4356 et
1995 4271 2031 4356 in

401 4383 464 4471 rllo
486 4383 695 4488 servando,
728 4385 922 4504 procedat.
941 4385 991 4474 Et
1013 4389 1043 4474 si
1067 4417 1135 4505 per
1156 4390 1459 4479 informacionem
1482 4391 1719 4478 summarium
1742 4392 1930 4494 invenerit,
1952 4387 2031 4475 dic·

403 4515 464 4587 tas
485 4505 711 4610 sentencias,
733 4532 803 4622 pru
825 4505 968 4621 prelata
986 4505 1149 4593 ecclesia
1170 4507 1276 4611 latas,
1298 4509 1446 4622 reiectis
1463 4507 1616 4625 prelatis
1628 4509 1710 4622 (sic)
1731 4527 1909 4624 pretensa
1930 4533 2032 4595 cotu-

403 4619 563 4706 misioue
583 4622 618 4706 in
641 4622 883 4740 preiudioium
906 4623 1002 4710 dicte
1019 4625 1181 4712 ecclesie
1194 4639 1354 4732 extorta,
1376 4625 1424 4712 de
1440 4627 1526 4743 jure
1546 4627 1629 4712 lor‘e
1650 4626 1932 4744 exequendam,
1953 4624 2033 4712 illas

256 4774 258 4786 ·
405 4765 476 4855 ρετ
497 4735 638 4825 litteras
666 4767 777 4849 auos,
807 4741 878 4830 sub
900 4745 980 4830 eius
1001 4743 1136 4864 sigillo,
1158 4743 1325 4861 desuper
1346 4743 1586 4842 decernendo
1608 4777 1677 4864 per
1697 4774 1882 4834 censuras
1902 4743 2034 4831 *eccla
2153 4861 2157 4867 .
