4926 5940
1094 679 1160 742 ’-
1214 689 1289 762 nes
1351 729 1388 742 -

438 900 579 992 nostris
599 895 715 986 literis
734 895 934 984 lecerimus
955 891 1201 980 mencionem.
1262 890 1341 980 Per
1359 905 1584 1008 processum
1605 903 1731 980 autom
1752 906 1923 983 nostrum
1941 891 2069 984 huius-

440 1017 542 1110 modi
563 1014 754 1112 nolumus,
785 1041 859 1105 ooo
879 1010 1121 1112 intendimus,
1143 1010 1284 1100 uostris
1308 1010 1346 1112 in
1364 1008 1491 1126 uliqrro
1511 1007 1749 1124 preludicnre
1769 1009 1945 1129 collegis,
1976 1039 2070 1130 quo

440 1139 562 1226 minus
579 1133 653 1262 ipsi
674 1129 734 1218 uel
755 1159 884 1220 eorum
905 1129 1020 1235 altor,
1051 1143 1206 1216 seruato
1228 1141 1354 1216 tamen
1370 1126 1446 1216 hoc
1465 1139 1600 1216 nostro
1619 1156 1817 1242 processu,
1837 1129 1988 1246 possint
2003 1159 2071 1218 seu

439 1255 562 1373 possit
590 1253 627 1338 in
654 1248 867 1338 huiusmodi
896 1247 1137 1336 exconcioois
1165 1245 1340 1364 negocio.
1360 1245 1513 1334 ulterius
1533 1243 1764 1361 procedere,
1794 1259 1908 1362 prout
1926 1250 1983 1336 eis
2003 1277 2071 1336 seu

439 1371 547 1462 alteri
568 1395 697 1458 eorum
720 1365 906 1458 videbitur
926 1364 1115 1484 expedire.
1147 1364 1321 1451 Preietos
1342 1393 1495 1482 quoque
1514 1363 1641 1452 litores
1661 1363 1897 1481 apostoliens
1917 1377 1955 1452 et
1973 1363 2073 1452 bunc

438 1503 610 1580 nostrum
641 1513 880 1605 processum,
911 1513 960 1572 uc
987 1484 1111 1576 omnia
1139 1497 1176 1570 ct
1202 1482 1352 1601 singula
1382 1483 1419 1570 in
1448 1482 1503 1570 eis
1532 1495 1730 1586 contentu,
1759 1481 1934 1570 volumus
1954 1512 2080 1598 penes,

442 1608 580 1698 dictum
608 1604 796 1692 dominum
816 1601 1071 1721 Episcopum.
1102 1599 1163 1692 uel
1184 1601 1264 1688 eius
1295 1614 1578 1714 procuratorem
1609 1626 1825 1692 remanere,
1854 1615 1892 1687 et
1910 1627 1985 1688 nou
2004 1629 2074 1716 por

442 1757 524 1824 vos,
546 1723 788 1835 autaliquem
810 1735 993 1824 vestrum,
1014 1749 1084 1804 seu
1105 1719 1275 1830 quemrds
1295 1716 1419 1815 olium,
1439 1717 1530 1834 ipsis
1551 1716 1683 1822 inuitis,
1705 1716 1985 1838 quomodolibet
2004 1716 2072 1806 de·

443 1844 561 1960 tinerj.
624 1841 859 1930 Contrarium
881 1867 972 1926 voro
993 1838 1173 1929 iacientes
1194 1835 1347 1952 prelatis
1368 1836 1573 1952 sentenoijs
1594 1864 1663 1950 per
1697 1860 1769 1930 cos
1799 1833 1883 1925 latis
1913 1837 1996 1951 ipso
2016 1835 2071 1922 ie-

443 1977 507 2051 cto
527 1959 699 2054 volumus
717 1957 947 2070 (subiacere.
1009 1953 1251 2065 Mantuanus
1272 1969 1397 2041 tamur
1418 1953 1567 2069 copiam
1595 1951 1677 2039 fieri
1706 1951 1755 2039 de
1776 1953 1971 2069 premissis
1991 1981 2073 2041 eom

443 2077 656 2198 petentibus
686 2091 724 2164 et
752 2075 893 2162 habere
914 2069 1157 2177 debentibus,
1189 2071 1400 2188 petencium
1433 2068 1581 2187 quidem
1603 2069 1811 2188 sumptibus
1833 2086 1870 2159 et
1885 2071 2074 2187 expensis.

444 2193 740 2284 Absolucicnem
762 2219 855 2280 vero
875 2190 1039 2276 omnium
1060 2203 1097 2278 et
1116 2189 1369 2307 singulorum.
1401 2191 1463 2305 quj
1486 2189 1652 2304 prelatas
1672 2201 1824 2276 nostros
1849 2189 2077 2290 sentencias,

447 2327 661 2402 ontearum
682 2309 866 2424 aliquam,
886 2306 1106 2394 incurrerint
1126 2331 1201 2417 quc
1231 2304 1415 2412 uomodo,
1446 2308 1558 2396 nobis
1579 2305 1639 2393 uel
1659 2305 1840 2423 superiorj
1862 2321 2022 2394 nosue.
2041 2371 2077 2391 ..

445 2428 502 2539 (ln
523 2454 682 2546 quorum
702 2425 864 2512 omnium
886 2426 936 2534 et)
957 2423 1189 2538 singulorum
1204 2337 1322 2512 lrdem
1344 2436 1382 2510 et
1401 2425 1649 2514 testimonium
1670 2423 1960 2539 premissorum,
1980 2425 2077 2540 (pre

445 2542 590 2653 sentes)
610 2542 749 2646 literas,
773 2543 854 2628 siua
874 2569 1034 2659 presens
1055 2538 1242 2659 publicum
1258 2542 1551 2638 instrumentum.
1572 2540 1783 2631 huiusmodi
1803 2554 1973 2634 nostrum
1988 2570 2076 2656 pro-

446 2689 598 2752 cessum
629 2661 664 2745 in
693 2689 736 2746 se
765 2659 998 2748 continentes
1027 2661 1109 2746 siue
1129 2661 1344 2763 continens,
1380 2658 1516 2748 exinde
1536 2658 1618 2748 fieri
1643 2672 1681 2750 et
1698 2688 1768 2774 per
1787 2655 1983 2748 Notarium
2005 2687 2076 2774 pu-

445 2779 585 2868 blicum
614 2775 889 2894 infrascriptum
920 2773 1107 2864 subscribi
1136 2787 1175 2862 et
1206 2774 1385 2893 publicnrj
1429 2777 1705 2877 mandauimus,
1747 2778 1938 2886 nostrique
1965 2773 2076 2892 sigilli

446 2893 651 3007 (iussimus)
679 2895 912 3011 appensione
941 2893 1172 2978 communir‘.
1233 2892 1370 2982 Datum
1405 2907 1443 2980 et
1462 2911 1587 2984 actum
1607 2899 1735 2998 Romo,
1758 2891 1872 3010 (apud
1893 2896 2076 3004 sanctum)

448 3013 624 3112 Petrum,
656 3011 692 3096 in
714 3011 861 3129 palacio
882 3011 1114 3126 apostolico,
1142 2924 1241 3098 bore
1261 3011 1492 3130 completorij
1514 3011 1575 3098 uel
1595 3013 1723 3130 quasi,
1753 3011 1827 3100 sub
1846 3041 1947 3098 onoo
1967 3041 1991 3098 e
2012 3041 2079 3102 ne·

447 3132 588 3220 tiuitate
610 3126 749 3214 domini
767 3129 960 3216 millesimo
977 3127 1347 3244 quadringentesimo
1364 3129 1543 3218 vicesimo
1560 3142 1690 3235 sexto,
1711 3128 1923 3218 indiccione
1935 3145 2078 3247 quarta,

373 3327 377 3334 .
448 3247 510 3336 die
530 3246 639 3334 lovis
660 3244 875 3356 videlicet.
897 3311 906 3332 .
927 3308 936 3332 .
958 3313 968 3332 .
989 3247 1026 3357 la
1049 3247 1187 3334 mensis
1207 3243 1360 3363 lllercij,
1381 3246 1628 3336 Pontificatus
1649 3247 1781 3365 prelati
1802 3246 1941 3336 domini
1961 3247 2079 3338 nostri

448 3395 548 3484 pope
567 3363 719 3452 Martini
741 3363 853 3482 quinti
874 3391 976 3455 enno
992 3391 1103 3452 nonu.
1126 3363 1372 3454 presentibus
1385 3364 1754 3456 ibidem:·venernbili
1773 3379 1811 3452 et
1825 3366 2076 3482 eeoenapee·

449 3499 489 3572 to
519 3482 601 3568 viro
621 3483 814 3600 ,magistro
841 3481 1008 3570 Henrioo
1028 3479 1204 3599 Raystop
1225 3483 1413 3572 literarum
1435 3484 1729 3602 apostolicorum
1749 3483 1934 3598 scriptore
1954 3499 1991 3570 et
2010 3484 2078 3572 ob
2204 3483 2212 3552 ἓ

450 3599 683 3702 breuiatore,
713 3616 751 3686 et
779 3599 946 3688 discreto
975 3603 1058 3688 viro
1085 3600 1202 3688 Petro
1224 3602 1339 3690 Fabri
1359 3603 1499 3692 clerico
1529 3600 1754 3690 Leodieusis
1775 3600 1952 3706 diocesis,
1973 3601 2078 3688 iami-

450 3715 531 3802 licri
553 3729 703 3818 nostro,
735 3718 892 3804 testibus
913 3717 962 3804 ad
984 3718 1169 3834 premissa
1190 3722 1336 3810 uocatis
1357 3722 1570 3836 specialiter
1591 3735 1630 3806 et
1649 3721 1806 3840 rogatis.

385 3870 390 3880 ¹
552 3831 609 3942 (S.
630 3828 692 3942 N.)
713 3830 763 3920 Et
783 3861 859 3952 ego
879 3833 1075 3948 lohannes
1097 3834 1252 3922 Cabebe
1273 3835 1322 3924 de
1353 3845 1495 3943 Werdo,
1517 3839 1679 3926 clericus
1700 3833 1929 3926 coloniensis
1949 3837 2076 3926 dioce-

451 3953 517 4056 sis,
538 3949 711 4066 publicus
730 3950 943 4066 apostolice
973 3952 1194 4042 auctoritate
1213 3949 1411 4042 Notarius:
1444 3957 1543 4071 Quia
1565 3957 1857 4074 prescriptorum
1888 3953 2076 4042 literarum

450 4069 746 4185 apostolicarum
763 4133 772 4152 .
790 4131 799 4154 .
816 4133 825 4156 .
843 4070 1045 4188 soripcioni
1065 4070 1312 4188 omnibusque
1331 4073 1415 4190 clijs
1436 4089 1472 4164 ct
1493 4074 1650 4192 siugulis
1671 4073 1883 4190 promissis.
1904 4069 1992 4160 dum
2012 4075 2078 4176 sic,

451 4202 492 4274 ut
511 4186 739 4304 premittitur,
749 4185 1093 4304 perReuerendum
1111 4203 1255 4308 petrem
1270 4189 1459 4280 dominum
1476 4189 1642 4297 Petrum,
1655 4193 1890 4311 Episcopum
1903 4187 2078 4278 Electen·

452 4333 533 4393 sem
556 4317 594 4391 et
612 4302 867 4394 Exeoutcrem
888 4307 1082 4421 prelatum,
1103 4321 1140 4396 et
1160 4335 1289 4396 coram
1306 4337 1354 4398 ec
1369 4325 1575 4430 agerentur
1590 4323 1628 4400 et
1642 4311 1772 4400 lierent
1788 4313 1878 4422 (une
1892 4339 1977 4398 curnw
1991 4337 2078 4425 pre-

281 4441 287 4452 ‘
452 4421 603 4530 noltatis
624 4422 781 4512 testibus
802 4451 961 4541 presens
981 4421 1054 4542 iujt
1084 4455 1207 4544 ecque
1231 4429 1357 4514 omnia
1376 4445 1415 4517 et
1434 4429 1583 4549 singula
1610 4429 1667 4516 sic
1687 4429 1768 4518 lieri
1789 4427 1864 4518 vidi
1885 4441 1923 4516 et
1942 4425 2080 4545 audiuj,

454 4535 541 4624 ideo
568 4537 642 4626 lroc
669 4568 829 4656 presens
857 4541 1045 4658 publicem
1071 4543 1353 4632 instrumentum
1380 4577 1492 4636 manu
1513 4579 1597 4636 mea
1612 4549 1794 4666 scriptum
1815 4546 2024 4668 subscripsi
2045 4559 2082 4634 et

454 4655 490 4740 in
512 4652 612 4742 hanc
631 4657 789 4746 iormaru
810 4659 996 4776 publicem
1015 4661 1174 4780 reldegi,
1195 4661 1375 4782 aignelet
1395 4666 1544 4756 nominc
1564 4667 1659 4788 meis
1678 4666 1799 4757 solitis
1821 4678 1859 4752 et
1880 4664 2080 4768 consuetis,
