4926 5940
1148 710 1593 818 -ao‹r--n

465 913 769 1006 reuerendissimi
788 912 825 999 in
847 911 998 1002 Christo
1018 911 1136 1030 patris
1150 925 1188 998 et
1202 909 1342 1001 domini
1355 911 1494 1000 domini
1515 907 1674 1018 Nicolai,
1696 909 1757 999 dci
1777 911 1913 1031 gracia
1943 913 2099 1032 Anchie-

466 1035 614 1154 piscopi
634 1047 670 1120 et
689 1031 856 1148 primatis
877 1045 1009 1119 sancte
1029 1031 1258 1150 gneznensis
1279 1029 1461 1137 ecclesie,
1492 1059 1626 1138 sanas,
1648 1030 1800 1138 saluas,
1821 1031 2001 1149 integras,
2022 1064 2098 1124 non
2143 1027 2153 1040 ⁴

465 1153 643 1256 violatas,
673 1178 750 1238 non
777 1149 1023 1250 cancellatas,
1061 1149 1235 1266 ornnique
1270 1175 1429 1268 prorsus
1461 1149 1560 1238 vicie
1587 1165 1624 1235 et
1659 1150 1877 1267 suspicione
1912 1167 2097 1259 cereales,

465 1271 546 1358 cius
567 1297 659 1357 uero
680 1265 804 1386 sigillo
825 1267 1084 1386 subimpresso
1104 1267 1310 1382 sigillatos,
1341 1295 1416 1353 una
1437 1297 1521 1354 cum
1543 1265 1691 1354 duobus
1712 1268 1964 1356 instrumentis
1993 1299 2098 1356 com·

464 1387 641 1506 promissi
660 1387 756 1473 inter
776 1386 967 1503 predictas
989 1401 1116 1504 partes
1136 1385 1235 1490 lacti,
1250 1401 1287 1474 et
1302 1377 1478 1474 de'manu
1500 1383 1588 1473 dicti
1608 1384 1787 1505 Gregorij
1806 1387 1939 1502 notarij
1961 1388 2096 1503 publici

464 1507 501 1597 in
520 1519 689 1594 nostram
709 1533 913 1622 personam
934 1504 1137 1621 conscripti
1158 1519 1195 1590 et
1216 1504 1354 1623 signati
1374 1501 1551 1620 produxit
1571 1516 1608 1590 et
1628 1503 1868 1621 presentauit.
1922 1501 2095 1618 Quorum

464 1639 637 1728 tenores,
668 1637 705 1710 et
726 1624 845 1740 primo
866 1623 1103 1710 comissionis
1124 1623 1292 1744 sequitur
1311 1623 1349 1710 in
1368 1621 1441 1709 hec
1461 1621 1593 1710 verba:

565 1739 762 1844 Nicotaus,
783 1740 844 1828 dei
865 1741 996 1859 gracia
1016 1753 1149 1828 sancte
1169 1743 1398 1860 gneznensis
1419 1739 1583 1828 ecclesie
1603 1739 1921 1857 archiepiscopus,
1938 1740 2092 1856 primas.

463 1858 688 1978 Honorabili
708 1859 790 1947 viro
812 1858 965 1948 domino
986 1858 1217 1966 Strzescooi,
1239 1860 1423 1946 canonico
1470 1858 1724 1963 oznaniensis,
1746 1873 1782 1945 et
1802 1859 1940 1945 rectori
1959 1886 2092 1975 parro-

464 1975 596 2066 chialis
625 1979 661 2063 in
689 1981 855 2084 bowr'oz,
883 1977 1146 2081 ecclesiarum,
1177 1978 1335 2064 salutem
1366 1979 1402 2064 in
1431 1889 1596 2066 rlbmino.
1636 1975 1717 2064 Pro
1738 1992 1847 2094 parte
1868 1975 2094 2064 venerabilis
2179 2087 2181 2090 Ι

463 2093 614 2212 capituli
642 2095 806 2181 ecclesie
836 2093 1037 2213 collegiata
1067 2109 1200 2210 sancte
1230 2095 1351 2182 lllaric
1378 2095 1615 2183 lanciciensis
1646 2093 1696 2181 ad
1717 2109 1887 2182 nostram
1918 2093 2094 2182 noticiam

463 2225 523 2300 est
549 2211 766 2298 deductum:
799 2209 1007 2325 Quomodo
1029 2213 1065 2298 in
1086 2239 1177 2317 uos,
1207 2227 1397 2331 tamquam
1417 2211 1612 2316 arbitrum,
1643 2210 1905 2300 arbitratorem
1926 2239 1974 2318 ac
1999 2213 2093 2299 ami·
2213 2210 2219 2216 ’

464 2329 624 2417 cabilem
645 2323 958 2444 compositorem,
979 2355 1053 2416 una
1074 2355 1160 2416 oum
1181 2330 1384 2418 venerabili
1404 2331 1486 2419 viro
1507 2329 1658 2422 domino
1675 2329 1790 2418 Petro
1810 2327 1983 2434 Boleste‚
2004 2360 2093 2448 pre-

463 2449 588 2563 posito
617 2445 785 2532 ciusdem
815 2447 977 2535 ecclesie
1004 2446 1259 2566 lanciciensiS,
1290 2447 1392 2537 sedis
1413 2449 1622 2564 apostolice
1642 2445 2029 2567 prothonotario‚.de
2057 2465 2095 2536 et

462 2595 578 2682 super
605 2564 689 2652 villa
717 2568 1000 2668 Muroslovr‘cze,
1031 2595 1143 2681 quarn
1163 2565 1285 2684 ipsum
1307 2567 1507 2685 capitulum
1528 2565 1579 2654 ad
1599 2597 1660 2672 se,
1692 2581 1729 2654 et
1750 2565 1925 2654 dominus
1939 2562 2090 2670 Petrus,

462 2683 677 2802 prepositus
696 2680 899 2798 predictus,
927 2683 1091 2771 similiter
1117 2682 1167 2770 ad
1195 2715 1239 2772 so
1268 2700 1306 2772 et
1325 2715 1432 2772 suam
1454 2687 1728 2803 preposituram
1747 2673 1956 2804 predictam
1971 2679 2089 2771 lanci-

461 2801 628 2888 ciensem
658 2799 833 2896 dicebant
861 2801 1048 2920 pertinere
1075 2818 1112 2889 et
1131 2817 1336 2920 spectaro,
1358 2803 1554 2918 solempne
1572 2803 1742 2891 lecerunt
1768 2800 2089 2918 compromissum.

461 2915 521 3006 De
542 2947 616 3036 qua
638 2914 723 3004 uilla
744 2932 782 3004 et
802 2948 919 3006 cause
940 2921 1097 3024 meritis,
1113 2933 1167 3015 ,ut
1186 2919 1337 3028 dicitur,
1358 2920 1506 3040 absque
1526 2921 1673 3010 testium
1693 2920 1920 3037 recepoione
1939 2931 1977 3006 et
1997 2947 2088 3006 oxa·

461 3036 560 3122 mine
595 3033 800 3124 eorundem
835 3037 936 3124 nulla
971 3035 1095 3126 debite
1132 3039 1303 3155 poteritis
1342 3068 1583 3159 cognoscere
1613 3040 1778 3128 racione
1839 3037 1959 3158 Igitur
1979 3038 2088 3132 vobis

461 3153 719 3242 committimus
749 3184 818 3272 per
839 3171 1054 3274 presentes,
1084 3171 1268 3278 quatenus
1290 3170 1428 3262 testes,
1460 3161 1521 3270 qui
1543 3188 1611 3275 per
1626 3158 1749 3246 dictos
1770 3147 2088 3270 dominosr'capi·

306 3314 308 3320 π
460 3271 586 3374 tulum,
614 3287 651 3358 et
674 3270 829 3360 Petrum
850 3275 1097 3391 prepositum,
1128 3275 1166 3362 in
1194 3304 1311 3363 causa
1333 3289 1371 3360 et
1389 3277 1490 3364 lacto
1511 3275 1725 3364 huiusmodi
1744 3275 1923 3362 nominati
1942 3274 2089 3376 luerint,
2183 3367 2186 3372 ,

459 3390 494 3478 si
514 3419 558 3476 sc
576 3391 728 3510 gracia,
760 3387 870 3496 odio,
901 3395 1036 3482 timore
1057 3391 1115 3480 uel
1128 3393 1271 3482 lauorc
1291 3395 1564 3512 subtraxerint,
1595 3425 1664 3512 por
1685 3423 1884 3512 censuram
1905 3391 2089 3480 ecclcsia-

460 3505 603 3614 sticam,
624 3509 846 3596 auctoritate
865 3526 1007 3612 nostra,
1029 3511 1181 3627 cogatis
1201 3513 1347 3600 veritati
1369 3513 1617 3600 testimonium
1643 3511 1851 3630 perbibere.
1888 3508 2030 3596 Datum
2052 3509 2089 3598 in

460 3636 589 3710 castro
610 3639 740 3712 nostro
765 3633 911 3732 Uocem,
931 3627 1096 3716 XXVlll
1124 3627 1184 3718 die
1213 3631 1354 3717 mensis
1375 3629 1618 3747 septembris,
1648 3659 1748 3718 auno
1769 3629 1907 3716 domiui
1936 3627 2088 3716 millesi-

459 3769 522 3828 mo
545 3739 695 3828 CCCC⁰
715 3741 791 3830 XX
810 3741 1001 3850 secundo,
1032 3761 1164 3838 nostro
1185 3747 1568 3865 sigillopresentibos
1589 3747 1843 3866 subappenso.

508 3977 517 3994 ·
560 3857 893 3995 lustramentorum
915 3889 1008 3952 vero
1029 3865 1291 3982 compromissi
1328 3881 1479 3952 tenores
1513 3882 1720 3983 sequuntur
1747 3879 1784 3952 et
1804 3879 1890 3954 suut
1912 3859 2024 3970 tales,
2048 3879 2085 3950 et

452 4005 580 4094 prrmo
601 4007 727 4094 pnnr:
1173 4061 1187 4100 ÷.-
1237 3999 1240 4005 ’
1585 4023 1588 4032 ¹
2001 4021 2003 4028 ’
2039 4015 2044 4024 ·

471 4173 482 4194 χ
558 4093 602 4182 ln
637 4097 788 4184 nomine
823 4097 982 4198 domini,
1027 4129 1149 4186 arnon.
1212 4097 1293 4188 Sub
1329 4129 1429 4188 anno
1465 4101 1665 4191 natiuitatis
1686 4101 1853 4192 eiusdem
1890 4100 2083 4188 millesimo

459 4209 614 4300 CCCC⁰
633 4215 812 4303 vicesimo
833 4215 1025 4320 secuntlo,
1057 4217 1245 4306 indicione
1302 4233 1408 4305 uarta
1438 4218 1606 4325 decima,
1627 4221 1866 4337 pontilicatus
1887 4219 2081 4307 sanctissi-

457 4331 506 4416 mi
526 4331 563 4417 in
583 4331 732 4420 Christo
753 4333 869 4448 patris
888 4349 926 4421 et
946 4333 1103 4436 domini,
1124 4335 1264 4422 ‹lomini
1329 4337 1444 4442 artini,
1461 4338 1586 4426 diuino
1604 4338 1845 4455 prouidencia
1867 4339 2084 4456 pape'quin·

458 4447 483 4532 tl
512 4463 551 4536 et
568 4447 757 4554 moderni,
788 4479 889 4539 anno
917 4453 1034 4569 ipsius
1063 4453 1212 4564 quinto,
1244 4452 1305 4540 die
1336 4484 1427 4542 vero
1455 4455 1652 4545 undecima
1673 4459 1812 4546 mensis
1840 4455 2084 4572 Septembris,

458 4563 552 4652 bora
572 4567 789 4670 terciarum,
821 4569 882 4656 uel
902 4571 1027 4688 quasi,
1057 4569 1094 4658 in
1115 4571 1202 4658 loco
1218 4570 1441 4688 capitulari,
1471 4575 1507 4660 in
1528 4577 1692 4663 ecclesia
1710 4588 1844 4664 sancte
1864 4572 1986 4661 Morio
2005 4571 2085 4660 lan-

456 4680 630 4768 ciciensis
652 4685 852 4803 collegiata
873 4688 957 4774 sito.
1004 4685 1045 4772 ln
1068 4689 1149 4792 mei,
1170 4685 1318 4807 Notan'j
1339 4689 1495 4808 prtblici,
1516 4687 2096 4808 testiumque,'intrascriptorum'

455 4797 506 4886 atl
526 4798 602 4890 boo
623 4814 842 4891 vocatorum
873 4805 1086 4923 specialiter
1115 4816 1392 4926 etrcgatcrum
1412 4811 1630 4930 presencia,
1652 4800 2082 4928 Constitutipe'rsonali·
