4878 5942
910 783 914 792 .
1006 767 1051 782 -
1102 728 1176 802 270
1230 769 1273 782 ·-

343 931 477 1022 Villani
497 958 589 1020 vero
604 923 769 1018 eiusdem
790 925 874 1018 ville
893 923 1074 1016 decium
1095 929 1262 1019 frumenti
1296 927 1452 1020 eodem?
1480 929 1726 1050 manipulatim
1742 933 1777 1020 in
1798 947 1945 1054 campo,

343 1052 451 1140 nobis
471 1063 509 1139 et
527 1048 664 1136 nostris
684 1045 967 1134 successoribus
993 1047 1214 1166 assignare,
1249 1063 1286 1138 et
1306 1045 1490 1137 dimidiam
1514 1079 1679 1138 marcum
1707 1048 1943 1142 denariorum

345 1185 491 1259 monete
511 1166 663 1268 usualis,
683 1193 767 1250 cum
789 1161 935 1250 duobus
956 1163 1074 1282 pullis,
1084 1168 1238 1254 racione
1259 1197 1406 1271 census,
1427 1167 1463 1256 in
1483 1167 1579 1261 festo
1599 1168 1697 1256 beati
1717 1168 1878 1275 Martini,
1896 1169 1946 1260 de

345 1287 509 1410 quolibet
528 1293 662 1372 manso
684 1280 827 1370 solubili
848 1282 1004 1401 siugulis
1024 1288 1133 1372 annis
1154 1285 1322 1392 soluere,
1352 1299 1429 1374 tres
1476 1295 1607 1406 uoque'
1620 1285 1701 1374 dies
1720 1286 1769 1376 ad
1789 1287 1948 1406 yemalia

343 1419 381 1495 et
401 1437 510 1512 unum
541 1401 590 1490 ad
626 1399 792 1488 estioalia
821 1429 931 1488 arare
969 1417 1149 1520 perpetuo
1180 1402 1412 1492 tenebuntur.
1442 1319 1566 1520 duem
1592 1436 1746 1494 censum
1767 1406 1947 1496 scultetus

344 1528 425 1644 ipse
455 1537 491 1610 et
511 1523 568 1611 sui
588 1519 730 1639 posteri
750 1519 901 1637 exigent
930 1531 967 1606 et
987 1519 1180 1641 colligent,
1211 1520 1397 1642 nobisque
1423 1553 1476 1610 ao
1495 1525 1632 1613 nostris
1662 1525 1946 1612 successoribus

342 1641 569 1763 integraliter
588 1636 865 1757 presentabunt.
903 1637 1107 1728 Statoimus
1127 1641 1268 1746 eciam,
1298 1638 1398 1759 quod
1420 1643 1501 1760 ipse
1521 1642 1699 1730 scultetus
1727 1658 1763 1730 et
1782 1643 1839 1730 sui
1859 1672 1947 1730 suo·

344 1789 539 1863 cessores,
566 1757 762 1873 villanique
781 1783 850 1844 seu
878 1755 998 1842 incole
1018 1757 1056 1844 in
1084 1757 1168 1876 ipsa
1188 1756 1294 1862 uilla,
1315 1787 1361 1844 ex
1382 1761 1535 1878 speciali
1556 1773 1680 1879 pacto,
1701 1760 1948 1878 personaliter

344 1879 506 1968 debeant
532 1875 711 1963 residere.
740 1871 790 1960 Et
815 1874 845 1960 si
866 1873 1058 1992 quisquam
1080 1873 1154 1964 buo
1174 1907 1221 1963 ex
1237 1877 1326 1992 ipsis
1344 1878 1469 1965 lacere
1500 1893 1778 1998 contempneret
1807 1892 1844 1965 et
1861 1879 1947 1966 alibi

344 1997 543 2101 resideret,
573 2023 619 2080 eo
641 1993 724 2110 ipso
745 1990 922 2079 scultetus
944 1993 1133 2095 scultecia,
1154 1993 1338 2106 (villanus)
1367 2025 1499 2084 manso
1520 2011 1556 2084 et
1578 1995 1753 2116 quidquid
1779 1997 1828 2084 ibi
1846 1995 1946 2086 aliud

193 2197 199 2210 .
345 2114 489 2203 mobilis
500 2114 581 2224 (sic)
597 2107 755 2216 babebit,
768 2111 981 2200 omnimode
994 2113 1067 2200 siut
1081 2113 1223 2232 priuati.
1237 2112 1417 2202 Preteree
1426 2113 1610 2222 volumus,
1620 2113 1721 2234 quod
1741 2113 1862 2204 nullos
1880 2114 1946 2203 vil-

345 2235 452 2360 lapus
472 2225 567 2351 plus,
583 2261 693 2352 quam
710 2228 807 2316 duos
826 2259 981 2318 mansos
1001 2231 1036 2318 in
1058 2229 1106 2320 ibi
1126 2231 1263 2319 debeat
1282 2229 1460 2340 obtinere,
1478 2231 1654 2353 quodque
1674 2233 1948 2352 scultetusipse

345 2366 383 2439 et
407 2352 464 2440 sui
485 2379 729 2441 successores
755 2347 969 2437 sculteeiom
991 2379 1171 2467 unquam,
1201 2351 1237 2437 in
1257 2365 1377 2467 parte·
1395 2351 1454 2440 vel
1474 2352 1509 2440 in
1530 2365 1627 2456 toto,
1656 2353 1742 2439 nulli
1770 2349 1947 2458 vendere,
2043 2445 2047 2459 ,

345 2470 500 2573 donare,
520 2468 704 2586 obligare,
717 2479 780 2552 aut
800 2463 1040 2583 aliquomodo
1060 2467 1223 2554 alienare
1253 2468 1416 2576 ualeant,
1442 2470 1523 2556 sine
1542 2485 1671 2558 nostro
1693 2485 1730 2557 et
1748 2499 1949 2558 successo·
2041 2509 2050 2534 ι

344 2619 425 2676 rom
446 2599 658 2702 postrorum
688 2609 875 2670 consensu
903 2597 940 2670 et
959 2582 1156 2672 voluntate.
1185 2583 1235 2674 Et
1254 2586 1285 2672 si
1304 2615 1376 2673 nos
1395 2585 1455 2672 vel
1475 2587 1592 2674 nostri
1620 2616 1864 2676 successores
1883 2586 1949 2674 ad·
2026 2669 2029 2676 ,
2189 2605 2193 2620 ·

345 2735 480 2795 uersus
500 2702 659 2792 eundem
690 2701 885 2789 scultetum
907 2701 965 2788 vel
985 2729 1078 2790 suos
1099 2718 1276 2821 posterus
1296 2702 1433 2820 aliquid
1454 2732 1572 2824 agere
1600 2703 1659 2792 vel
1680 2703 1865 2824 querulari
1884 2705 1949 2794 ba·

311 2861 314 2867 ¹
345 2825 538 2928 berennus,
568 2821 747 2912 scultetus
773 2820 855 2936 ipso
887 2833 924 2908 et
943 2821 1000 2907 sui
1018 2823 1159 2940 posteri
1188 2822 1223 2909 in
1245 2821 1331 2914 villa
1351 2820 1486 2910 ibidem
1507 2849 1635 2910 coram
1664 2835 1795 2912 nostro
1814 2820 1957 2929 iudice,

347 2973 457 3060 quern
477 2941 527 3030 ad
547 2939 634 3030 buc·
640 2967 842 3059 ponemus,
868 2940 954 3056 jure
973 2939 1141 3058 predicto
1170 2938 1486 3060 maydeborgensi
1505 2939 1794 3059 respondebunt.
1824 2939 1866 3030 ln
1885 2941 1950 3030 tri·

345 3065 416 3177 bus
436 3056 786 3182 vero³generulibus
806 3057 959 3174 iudiciis,
978 3057 1140 3178 quolibet
1153 3088 1253 3148 anno
1273 3058 1464 3166 iaciendis,
1479 3074 1761 3178 procuratorem
1782 3073 1949 3150 nostrum
2037 3099 2045 3133 a

346 3180 406 3270 vel
426 3179 535 3268 aliurn
551 3177 744 3266 nanceium
766 3177 980 3297 (sic),quem
997 3176 1135 3266 adhoc
1150 3177 1342 3283 mittemus,
1359 3177 1545 3296 recipient,
1562 3192 1598 3265 et
1613 3177 1682 3265 sibi
1702 3207 1784 3264 curn
1805 3177 1950 3266 famulis

347 3300 426 3387 suis
446 3327 633 3417 expensas
653 3297 897 3385 communitus
917 3295 1181 3384 ministrabunt
1199 3296 1380 3385 Preteree
1401 3295 1521 3384 lacum
1541 3294 1687 3403 ibidem,
1709 3297 1770 3416 qui
1789 3302 1951 3385 Somolo

346 3418 543 3538 wlgariter
562 3415 712 3516 dicitur,
734 3442 804 3534 pro
824 3407 932 3502 nobis
949 3429 986 3502 et
1004 3416 1144 3503 nostris
1164 3414 1451 3504 successoribus
1471 3415 1681 3534 specialiter
1699 3443 1948 3522 reseruemus,

347 3537 384 3624 in
430 3564 479 3622 oo
501 3536 581 3623 sine
602 3549 731 3622 nostra
760 3545 798 3620 et
817 3547 1030 3625 nostrorum
1051 3563 1315 3622 successorum
1337 3531 1510 3641 licencia,
1537 3532 1624 3620 nulli
1644 3534 1791 3654 penitus
1810 3534 1948 3654 piscari

347 3567 479 3741 licebit.
500 3651 621 3742 Alium
642 3682 734 3746 vero
756 3650 888 3756 lacum,
908 3652 1002 3740 inter
1020 3681 1174 3740 mansos
1195 3651 1339 3746 sculteti
1360 3667 1396 3740 et
1416 3651 1650 3740 lrmetbonum
1671 3644 1865 3761 iacentem,
1879 3653 1950 3770 ipsi

348 3773 507 3861 sculteto
528 3787 564 3860 et
585 3769 725 3860 eisdem
748 3769 1006 3859 lrmethonibus
1027 3769 1248 3860 donauimus
1269 3771 1330 3875 ita,
1351 3769 1452 3890 quod
1474 3771 1651 3860 scultetus
1672 3771 1707 3857 in
1729 3771 1862 3888 cymba
1881 3769 1950 3858 reti

349 3893 481 4011 poterit
493 3891 650 4010 piscari;
665 3890 725 4010 alij
741 3919 832 3977 vero
852 3889 1081 3994 lrmethones,
1099 3919 1253 4011 quorum
1274 3917 1428 3978 mansos
1443 3889 1539 3978 idem
1555 3889 1660 3977 lacus
1676 3890 1865 4007 contingit,
1880 3915 1949 3976 va·

349 4009 476 4098 dando
496 4011 564 4096 reti
579 4023 643 4096 aut
657 4009 768 4095 hamo
783 4001 1035 4126 piscabuntur.
1056 4008 1214 4128 lnsuper
1228 4007 1408 4096 scultetus
1429 4009 1508 4126 ipse
1524 4037 1606 4093 cum
1623 4009 1700 4093 suls
1714 4006 1885 4123 posteris,
1901 4033 1949 4093 ao
2014 4108 2018 4122 ι

349 4128 471 4216 incole
485 4125 569 4216 ville
585 4126 761 4233 eiusdem,
771 4127 879 4214 nobis
895 4142 932 4214 et
947 4127 1082 4215 nostris
1098 4125 1568 4229 successoribusbonores,
1604 4125 1949 4212 eticionesetserui·
2012 4174 2020 4207 r

351 4249 420 4356 cia,
436 4247 534 4333 iuxta
557 4259 655 4331 terre
676 4235 998 4330 oonswetudinem'
1011 4259 1046 4332 et
1055 4245 1151 4362 juris
1165 4241 1515 4362 Maydeborgensis,
1532 4154 1706 4329 exbibere
1719 4241 1948 4330 tenebuntur.
2017 4233 2020 4241 ’

227 4377 230 4384 ‘
351 4365 392 4453 ln
410 4367 515 4453 ouius
535 4363 588 4450 rei
609 4360 865 4465 testimonium,
878 4377 1074 4478 presentes
1094 4362 1219 4450 literas
1239 4361 1308 4449 sibi
1329 4357 1409 4450 dari
1429 4361 1592 4468 lecimus,
1608 4375 1736 4448 nostro
1751 4375 1786 4450 et
1801 4360 1949 4481 capituli

353 4485 467 4576 nostri
476 4481 679 4603 sigillorum
697 4479 1107 4570 munimioeroboratas.
1121 4477 1428 4569 Actumetdatum
1443 4479 1626 4587 Iloczons,
1640 4474 1949 4594 Xllfflkalendas

488 4771 536 4855 1²]
550 4777 640 4838 Anno
653 4768 766 4856 uulgari
780 4767 838 4834 xn
860 4767 1001 4834 kalendas
1023 4767 1126 4835 Martii
1147 4775 1193 4835 ost
1215 4765 1438 4848 teneurunt,
1459 4763 1615 4854 sedquum
1636 4787 1735 4836 onnus
1759 4763 1839 4834 1348
1852 4765 1948 4834 sitin·

354 4855 511 4934 tercalaris,
526 4855 593 4923 ideo
608 4855 761 4942 posrdmos
778 4852 818 4922 lll
833 4852 912 4922 diem
926 4853 1089 4922 Febnrurii.
1709 4869 1714 4880 ·
