4876 5940
1132 760 1407 836 -212-

1158 1059 1390 1184 ccxxvt

535 1301 944 1388 memorem
977 1316 1134 1384 omno
1159 1294 1303 1384 1318
1328 1299 1381 1449 et.
1407 1295 1488 1384 24
1512 1317 1656 1384 men.
1689 1287 2010 1437 Febrem-ct.

453 1502 702 1578 Mutunus
716 1501 919 1594 praepositas
933 1501 1077 1576 coenobii
1097 1499 1391 1594 lugurttotmorum
1411 1501 1685 1576 trrauesurarnis
1698 1501 1806 1578 rttlau
1827 1505 1988 1574 Wtonono
2003 1501 2089 1580 elren

453 1607 557 1682 laeum
572 1603 673 1697 duplo
687 1606 794 1694 sltem,
815 1609 883 1681 tur
898 1599 1036 1680 tutum
1061 1603 1156 1680 cttto
1180 1605 1372 1794 Dgepppom
1388 1601 1544 1680 corrulo
1565 1603 1721 1694 totamm
1741 1603 1995 1684 lttttltdarlouot
2012 1623 2086 1684 ror·

554 1919 599 2006 ln
618 1917 770 2006 nomina
790 1913 947 2024 domini,
978 1945 1100 2003 amen.
1160 1911 1395 2032 Temporalis
1416 1915 1563 2032 expirat
1581 1915 1711 2024 accio,
1741 1916 1812 2006 nisi
1841 1917 1959 2006 robur
1982 1919 2086 2008 acci·

451 2039 532 2158 piat
551 2065 575 2125 a
594 2065 694 2126 uooe
713 2035 862 2123 testium
884 2051 921 2123 et
940 2035 1222 2154 scripturorum.
1266 2031 1449 2122 Noueriot
1462 2035 1575 2154 igitur
1595 2035 1776 2142 uniuersi,
1806 2033 1857 2124 ad
1879 2063 1978 2156 quos
1998 2065 2086 2155 per·

451 2157 599 2244 uenerit
623 2183 785 2272 presens
811 2154 1009 2272 seriptum:
1042 2151 1144 2272 quod
1171 2181 1242 2240 uos
1270 2153 1387 2241 irater
1415 2151 1618 2260 Martinus,
1648 2155 1863 2272 prepositus
1894 2185 1969 2244 uua
2000 2183 2085 2244 cum

452 2287 640 2366 conventu
661 2285 794 2361 nostro
815 2270 952 2361 domus
973 2277 1244 2359 Trnnernenn‘s
1265 2265 1337 2384 (²),
1369 2270 1510 2360 ordinis
1530 2273 1652 2360 saneti
1672 2273 1875 2394 Augustini
1901 2273 2085 2362 inextre·

452 2421 514 2480 rna
548 2392 778 2480 necessitato
812 2391 943 2510 positi,
985 2389 1036 2480 ob
1072 2389 1258 2478 delectum
1292 2389 1516 2495 victualium,
1537 2404 1696 2508 proptor
1725 2421 1847 2511 quem¹
1873 2405 2085 2483 conuentus

451 2526 581 2602 noster
608 2509 801 2629 predictus
831 2508 999 2629 dispergi
1029 2507 1174 2618 debuit,
1204 2507 1449 2597 hereditatem
1480 2508 1617 2598 domos
1640 2525 1772 2599 nostre
1790 2508 1980 2630 predicte,
2011 2539 2086 2628 que

458 2637 654 2718 Wlostoroo
685 2629 881 2748 wlgariter
909 2644 1167 2748 nuncupatur,
1199 2629 1302 2716 circa
1325 2629 1448 2742 Gopto
1469 2629 1506 2715 iu
1527 2629 1714 2718 territorio
1734 2628 1967 2718 cruslioieusi
1988 2631 2083 2718 situ·

449 2763 570 2856 atam,
591 2746 805 2836 reuerendo
825 2747 861 2834 iu
877 2747 1026 2835 Christo
1048 2747 1144 2870 patri
1165 2745 1319 2836 domino
1340 2745 1553 2854 Geruardo,
1570 2746 1734 2836 ecclesie
1753 2745 2083 2838 Wladislouieosis

448 2871 646 2987 episcopo,
666 2895 737 2986 pro
759 2863 1011 2986 quadraginta
1034 2866 1172 2954 mareis
1192 2864 1432 2955 denariorum
1454 2879 1603 2954 monete
1625 2865 1884 2955 Thoruuensis
1898 2863 2083 2954 ,vendidi-

449 3017 552 3084 mus,
584 3015 668 3073 oum
690 2983 837 3072 decima
859 2983 1075 3073 hereditatis
1106 2981 1297 3092 eiusdem,
1328 2997 1366 3071 et
1398 3013 1482 3072 eum
1512 2983 1659 3073 decima
1680 2983 1728 3075 de
1747 2991 1972 3090 Liternum,
1994 2983 2082 3073 villa

448 3103 605 3226 predicti
638 3103 776 3192 domiui
804 3098 884 3218 (³),
916 3103 1019 3190 eirea
1053 3109 1331 3193 ll'ladirtumbm
1349 3109 1525 3192 Jonenern
1552 3104 1710 3213 situata3
1740 3133 1811 3221 pro
1832 3133 1909 3223 qua
1929 3099 2081 3242 quidem

447 3223 612 3330 decima,
642 3223 739 3310 inter
758 3251 830 3311 uos
851 3236 890 3309 et
908 3219 1068 3310 eundem
1089 3220 1279 3310 dominum
1301 3223 1522 3342 episcopum
1543 3221 1690 3342 questio
1710 3223 1778 3311 luit
1796 3237 1834 3312 et
1849 3221 2081 3344 ambiguitas

447 3341 684 3449 vertebatur,
715 3341 776 3428 eui
806 3341 992 3462 questioni
1018 3355 1054 3430 et
1084 3341 1309 3458 impeticioni
1330 3342 1515 3430 cessimus
1536 3357 1573 3429 et
1592 3340 1762 3430 cedimus
1781 3371 1851 3462 per
1870 3355 2079 3459 presentes.

444 3459 663 3548 Predictam
689 3474 813 3548 autem
834 3459 958 3548 villam
986 3465 1183 3550 ll'lortoroo
1203 3457 1438 3548 vendidimus
1458 3459 1642 3579 siquidem
1664 3490 1749 3548 oum
1775 3460 1949 3564 lacubus,
1981 3461 2080 3548 insu·

446 3577 510 3682 lis,
542 3580 658 3696 pratis
686 3593 723 3666 et
751 3577 924 3668 omnibus
951 3579 1191 3697 pertinenoijs
1220 3577 1270 3666 ad
1301 3577 1481 3684 eandem,
1519 3607 1567 3666 ac
1595 3577 1782 3667 uniuersis
1806 3575 2021 3666 utilitatibus
2041 3590 2081 3666 et

446 3697 701 3786 usufruotibus
723 3695 967 3812 quibuslibet,
991 3697 1052 3815 qui
1073 3699 1109 3784 in
1127 3695 1260 3786 eadem
1283 3711 1370 3786 suot
1390 3711 1427 3784 et
1447 3725 1534 3784 esse
1554 3711 1730 3813 poterunt
1748 3697 1971 3804 inlaturum,
1993 3725 2078 3784 oum

445 3814 619 3904 omuibus
647 3812 795 3932 juribus
831 3826 869 3902 et
902 3813 1152 3920 libertatibus,
1185 3814 1320 3934 quibos
1357 3813 1491 3902 eadem
1521 3813 1713 3903 hereditas
1739 3815 1809 3904 lrui
1838 3815 2006 3904 noscitur
2040 3827 2078 3902 ct

441 3932 636 4055 gaudere3
668 3933 774 4021 ouius
795 3930 944 4053 quidem
965 3931 1182 4021 hereditatis
1203 3934 1489 4051 possessionem
1511 3961 1595 4019 cum
1618 3933 1718 4021 omui
1732 3934 1821 4051 jure
1842 3946 1881 4020 et
1900 3931 2077 4035 dominio,

443 4051 545 4172 quod
572 4052 609 4139 in
637 4050 771 4140 eadem
801 4049 851 4139 ad
883 4080 954 4139 uos
983 4051 1171 4168 pertinere
1201 4052 1422 4160 dinoscitur,
1453 4049 1623 4168 predicto
1654 4049 1806 4140 domino
1834 4053 2018 4172 episcopo
2039 4065 2078 4137 et

441 4173 521 4258 suis
552 4169 844 4260 suecessoribus
871 4170 1132 4290 resignantes,
1162 4170 1282 4289 ipsam
1304 4170 1375 4259 sibi
1404 4170 1685 4290 assigneuimus
1713 4185 1752 4260 et
1771 4185 1903 4260 tenore
1922 4197 2076 4290 presen-

542 4405 581 4488 l¹l
609 4403 656 4472 Ex
677 4403 839 4492 archetypo
863 4403 1096 4472 membranaceo
1111 4401 1250 4470 tabularii
1261 4403 1383 4490 capituli
1399 4401 1668 4471 wladislaviensis.
1709 4403 1792 4472 lluic
1807 4401 1928 4470 tobulao
1941 4421 2075 4490 appensa

440 4496 512 4554 suut
525 4488 665 4556 luuiculis
686 4490 789 4556 soricis
810 4489 914 4566 uiridis
935 4487 1045 4556 coloris
1060 4489 1122 4556 duo
1136 4489 1232 4572 sigilla
1248 4489 1374 4554 minoris
1389 4487 1504 4556 formae
1519 4491 1714 4554 comminuta
1754 4489 1811 4555 Est
1825 4495 1856 4556 at
1875 4485 1956 4556 aliud
1972 4505 2073 4554 axam·

438 4573 506 4724 plur
526 4571 891 4724 puppetabpllaptpbidem
906 4581 1106 4643 usseruatrrm
1120 4558 1228 4640 Eidem
1243 4581 1314 4638 suot
1328 4575 1418 4639 etirun
1434 4573 1573 4640 tuniculis
1584 4574 1684 4642 sericis
1699 4571 1800 4642 viridis
1815 4573 1923 4640 eoloris
1938 4590 2072 4660 appenso

460 4677 682 4724 uosrraram
717 4679 804 4725 ee.
1174 4725 1180 4735 ,

540 4677 580 4824 l2)
612 4741 806 4809 lizanmno
819 4741 964 4829 oppidum
978 4743 1072 4808 territ
1082 4738 1317 4829 Bydgostiensio
1331 4741 1464 4828 regionis
1477 4763 1551 4810 vero
1564 4741 1770 4830 Mogilueusis.

540 4825 582 4911 (θ)
605 4827 640 4894 lu
663 4825 757 4892 altero
778 4827 941 4913 examplari
963 4826 1072 4909 legitur
1094 4835 1163 4912 post
1183 4848 1287 4894 rocem
1309 4825 1421 4893 domiui
1444 4847 1501 4894 vox
1522 4827 1679 4926 Episcopi
1700 4847 1757 4914 pro
1772 4823 1955 4893 Likrnmtoto
1970 4831 2071 4893 autem

437 4909 634 4999 tyanam.
645 4909 698 4977 sed
712 4911 811 4978 tillem
826 4910 903 4978 boue
917 4911 1028 4979 buutro
1042 4911 1073 4977 iu
1087 4910 1235 4978 iudicibus
1250 4919 1342 5000 atque
1356 4911 1462 4980 tabulis
1481 4911 1686 5003 geographicis
1707 4910 1919 5000 qruasirimus
