4926 5940
1071 676 1349 747 -477-

398 891 591 993 receptum
611 890 648 963 et
668 873 964 962 commissarium
987 877 1088 962 circa
1108 875 1309 964 ecelesiam
1335 869 1609 962 lanciciensen‘
1629 875 1865 992 collegiatam
1887 887 2018 961 saneta

397 995 538 1099 Maria,
569 995 606 1082 in
628 993 731 1080 coria
752 991 1081 1110 archiepiscopali,
1111 993 1182 1080 sub
1209 987 1309 1080 anno
1336 992 1474 1079 domini
1495 1023 1518 1079 a
1539 993 1728 1079 natiuitate
1749 989 1917 1098 eiusdem
1938 991 2018 1078 mil·

397 1113 528 1199 lesimo
545 1111 919 1230 quadringentesimo
940 1111 1126 1198 tricesimo
1147 1113 1280 1215 tercio,
1312 1111 1437 1196 ultima
1458 1109 1518 1197 die
1538 1110 1677 1197 mensis
1697 1108 1848 1224 Marcij,
1869 1108 2019 1225 pontili-

326 1235 336 1252 '
397 1244 504 1317 catus
525 1229 747 1316 sanctissimi
768 1229 803 1314 in
823 1227 975 1316 Christo
996 1229 1112 1345 patris
1145 1243 1184 1315 et
1204 1227 1357 1331 domini,
1387 1227 1524 1315 domini
1545 1225 1724 1346 Eugenij,
1746 1226 1869 1312 diuina
1891 1229 2018 1340 proui-

397 1345 530 1435 dencia
551 1376 649 1465 pape
670 1349 790 1463 quarti
810 1375 910 1434 anno
931 1348 1047 1463 ipsius
1068 1348 1196 1450 tercio,
1212 1345 1396 1433 indicione
1418 1345 1630 1449 undecima,
1644 1345 1739 1430 bora
1759 1372 2018 1459 vesperorum,

397 1466 457 1550 vel
479 1465 598 1582 qnasi.
650 1464 896 1552 Presentibus
923 1463 1213 1552 wenerabilibus
1242 1477 1279 1551 et
1307 1463 1480 1550 discretis
1509 1463 1616 1568 viris,
1634 1461 1823 1548 ¹dominis:
1862 1461 2018 1550 Andrea

396 1579 445 1668 de
469 1587 647 1695 Cromna,
668 1581 980 1668 vicecancellario
1000 1583 1139 1698 prelati·
1152 1581 1289 1670 domini
1310 1580 1453 1667 Alberti
1474 1579 1758 1697 Arobiepiscopi
1779 1581 2019 1696 gneznensis,

396 1699 545 1808 Jacobo
567 1700 616 1785 de
636 1707 852 1813 Brzeryny,
874 1700 1064 1817 perpetuis
1085 1700 1236 1816 vicarijs
1258 1697 1418 1784 ecclesie
1439 1698 1675 1784 lanciciensis
1697 1697 1884 1813 predicte,
1901 1696 2019 1786 Nico·

237 1869 240 1876 ·
396 1815 458 1903 lau
486 1814 713 1934 Lanczbarg
741 1818 910 1906 altarista
944 1817 1065 1902 sancti
1094 1815 1249 1903 Andree
1278 1815 1535 1903 Lanciciensis
1572 1813 1836 1932 parrochialis,
1873 1815 2018 1904 Tboma

395 1933 593 2020 Przibislai
614 1934 663 2020 de
683 1939 832 2040 Solczc,
866 1935 1020 2049 notarijs
1042 1933 1218 2050 publicis,
1250 1951 1285 2021 ct
1306 1932 1461 2022 strenuo
1494 1931 1604 2020 milite
1626 1933 1777 2020 domino
1798 1932 2018 2020 lacobode

396 2057 533 2161 Bcrbp',
555 2053 744 2170 armigero
780 2050 1218 2171 gneznensisdiocesis,
1260 2051 1414 2139 testibus
1454 2050 1504 2136 atl
1541 2051 1736 2166 premissa.
1787 2025 2016 2170 inquorum

397 2171 558 2255 omnium
579 2169 693 2256 lidem
714 2183 751 2255 et
771 2170 1020 2256 testimonium
1041 2170 1327 2283 premissorum,
1358 2183 1555 2284 presentes
1585 2169 1721 2268 literas,
1742 2184 1909 2256 nostram
1930 2201 2018 2258 sen-

397 2287 554 2371 tenciam
575 2286 789 2372 arbitralem
810 2289 847 2371 in
868 2316 911 2372 se
933 2287 1184 2392 continentes,
1205 2316 1274 2401 per
1296 2285 1523 2403 Gregorium
1545 2285 1653 2372 Pauli
1670 2286 1719 2371 de
1734 2291 1931 2398 Mytajow,
1952 2315 2020 2374 no·

396 2403 526 2488 tarium
548 2403 752 2520 publicum,
784 2433 976 2521 causaque
1006 2399 1217 2490 huiusmodi
1246 2431 1374 2488 coram
1404 2403 1511 2489 nobis
1540 2401 1703 2489 scribam
1733 2403 2019 2520 infrascriptum,

395 2519 582 2608 subscribi
602 2533 639 2608 et
659 2519 860 2637 publicari,
892 2519 1083 2636 nostrique
1104 2522 1136 2608 si
1168 2521 1215 2607 illi
1236 2522 1470 2637 appensione
1490 2519 1665 2606 iussimus
1686 2521 1915 2608 communiri.

496 2638 552 2749 (S.
574 2637 636 2749 N.)
666 2637 715 2726 Et
735 2668 812 2757 ego
829 2629 1046 2757 Gregorius
1056 2549 1166 2723 Pauli
1185 2637 1232 2724 dc
1251 2643 1445 2750 Myleyom
1467 2635 1626 2724 clericus
1646 2639 1876 2754 gneznensis
1892 2637 2019 2726 dioce-

395 2755 458 2858 sis,
475 2755 837 2873 publicosimperiali
857 2757 1077 2842 auctoritate
1095 2757 1283 2860 notarius,
1306 2768 1343 2840 et
1364 2784 1491 2842 coram
1513 2756 1772 2869 prenominato
1789 2754 1939 2841 domino
1954 2755 2021 2842 lo·

394 2873 530 2979 banne,
551 2873 700 2960 decano
719 2874 929 2991 gneznensi
950 2887 987 2958 et
999 2871 1130 2988 judice
1151 2903 1266 2961 cause
1286 2874 1482 2990 presentis,
1504 2873 1627 2958 scriba
1644 2872 1812 2990 predicte
1828 2865 2020 2960 sentencie

394 2987 584 3077 diffinitiue
611 2991 818 3107 prolacioni
845 3005 880 3078 et
907 2991 944 3076 in
971 2991 1119 3107 scriptis
1149 2991 1476 3106 pronuneciacioni
1504 3019 1663 3104 presens
1695 2991 1858 3098 interlui,
1896 3020 2018 3108 eaque

395 3106 450 3192 sic
470 3108 551 3194 lieri
571 3108 647 3196 vidi
667 3123 705 3195 et
724 3107 866 3212 audiui,
898 3107 968 3195 sed
989 3108 1072 3226 alijs
1086 3123 1302 3226 ,occupatus
1324 3110 1496 3227 negocijs
1517 3137 1585 3223 per
1609 3108 1718 3192 alium
1739 3107 1898 3193 lideliter
1924 3109 2021 3195 scri·

394 3222 431 3311 bi
452 3226 670 3342 procuraui,
701 3257 762 3314 me
792 3225 1031 3345 quoque'bic
1060 3253 1171 3312 manu
1201 3227 1353 3344 propria
1381 3225 1624 3313 subscribens
1655 3225 1692 3310 in
1712 3225 1812 3312 banc
1831 3226 2018 3342 publicam

393 3341 549 3430 lormam
578 3342 730 3463 redegi,
761 3345 875 3464 signo
904 3356 942 3428 et
969 3343 1118 3430 nomine
1147 3346 1238 3431 meis
1259 3343 1375 3432 solitis
1396 3359 1433 3430 et
1453 3344 1642 3430 consuetis
1665 3371 1740 3428 una
1761 3371 1845 3428 eum
1874 3373 2020 3459 uppen-

241 3542 245 3550 .
308 3557 313 3566 .
395 3459 503 3546 sione
531 3459 642 3580 sigilli
667 3461 798 3578 prelati
819 3458 958 3548 domini
977 3459 1163 3566 lobannis
1183 3460 1314 3548 decani
1335 3475 1373 3547 et
1385 3459 1525 3577 judicis
1546 3457 1820 3577 consignando,
1850 3461 1886 3548 in
1907 3459 2020 3546 irdem

396 3588 434 3660 et
453 3579 700 3666 testimonium
721 3579 884 3668 omnium
905 3593 942 3666 et
961 3578 1192 3694 singulorum
1214 3579 1492 3696 premissorum.
1550 3577 1711 3664 Constat
1730 3576 1841 3662 miobi
1860 3576 2020 3664 Notario

394 3697 652 3813 suprascripto
672 3695 722 3784 de
741 3695 811 3784 illis
832 3711 990 3810 quatuor
1010 3695 1241 3782 dicciooibus
1261 3697 1297 3782 in
1313 3697 1484 3814 margine
1500 3695 1659 3813 scriptis,
1674 3693 1855 3784 videlicet·
1877 3705 2022 3781 tandem

395 3843 483 3897 vero
510 3817 639 3899 lateras
668 3820 942 3919 commuse’om‘s,
972 3812 1075 3930 qood
1102 3813 1240 3901 lactum
1269 3826 1329 3902 est
1356 3842 1431 3901 non
1458 3813 1568 3920 vicio,
1588 3811 1659 3902 sed
1679 3842 1808 3899 errore
1828 3814 1864 3900 in
1886 3826 2021 3932 quarta

394 3927 541 4016 decima
561 3930 659 4020 linea
678 3961 702 4018 a
722 3931 903 4051 principio
924 3933 1005 4022 sita.

990 4343 1095 4424 rttts
1111 4343 1212 4424 lblll
1234 4343 1403 4426 sucuro!
1411 4397 1424 4443 ,

1052 4457 1368 4508 ΡΔΜΙΜΙΙΟΒΙΒ.
