4876 5940
1153 723 1439 799 „ppp...

480 929 671 1032 resideret,
691 927 871 1017 scoitatos
892 925 1071 1016 scoitaoia
1091 941 1128 1016 et
1148 926 1305 1022 villanus
1320 927 1462 1014 mansis
1483 940 1521 1014 et
1534 921 1713 1046 quicquid
1729 925 1777 1013 ibi
1793 925 1893 1014 atiud
1915 927 2088 1022 inmobile

480 1045 639 1148 habebit,
660 1047 743 1166 ipso
762 1048 862 1134 iacto
882 1075 952 1135 seu
972 1046 1065 1152 iure,
1083 1044 1296 1134 omnimode
1311 1045 1363 1135 sit
1383 1046 1566 1161 priuatus3
1587 1043 1768 1166 quodque
1788 1043 1910 1135 nuttns
1929 1045 2087 1138 vtttsnos

481 1197 549 1254 scu
570 1165 691 1254 iocoia
720 1166 823 1284 pius,
846 1195 956 1285 quaro
979 1163 1075 1254 duos
1100 1166 1310 1254 mansos-in
1339 1164 1388 1259 ibi
1409 1162 1547 1253 debeat
1565 1163 1744 1252 obtinere.
1763 1161 1825 1254 Et
1845 1164 1947 1286 quod
1966 1169 2088 1255 eciam

480 1285 660 1374 scoltetus
680 1286 761 1404 ipsc
777 1299 814 1372 at
834 1285 890 1374 sui
910 1285 1051 1401 posteri
1072 1283 1287 1373 scolteciom
1308 1282 1465 1372 eaodem
1487 1282 1573 1370 nulii
1594 1283 1629 1370 io
1645 1299 1753 1401 purte
1772 1283 1831 1372 vei
1848 1297 1927 1372 toto
1946 1285 2090 1376 uende-

480 1435 522 1492 re
541 1405 690 1493 ualeant
709 1404 769 1495 vei
790 1401 970 1522 obligare,
992 1403 1061 1492 nisi
1081 1404 1125 1508 ei,
1142 1432 1252 1523 quem
1273 1432 1344 1491 nos
1365 1403 1425 1490 vei
1441 1403 1558 1490 nostri
1578 1431 1826 1492 successores
1842 1401 2088 1496 admittemus.
2195 1461 2197 1464 -

481 1519 713 1612 Ordinamus
733 1524 896 1642 insuper,
916 1521 1038 1640 qood,
1059 1524 1091 1610 si
1112 1552 1184 1612 oca
1211 1521 1271 1610 vai
1291 1537 1442 1610 nostros
1463 1549 1710 1613 successores
1736 1520 1922 1611 aduersus
1950 1523 2109 1612 scobe&

480 1657 556 1730 tutu
576 1659 762 1747 nostrum,
789 1642 850 1731 vet
870 1669 962 1729 suos
982 1655 1157 1762 posteros
1177 1669 1247 1758 pro
1267 1671 1429 1729 excessu
1454 1640 1579 1759 aiiquo
1599 1669 1718 1760 ogere
1738 1643 1941 1762 contingat,
1961 1645 2031 1761 ipsi
2053 1645 2089 1732 in

481 1763 584 1851 curia
605 1778 735 1850 nostra
761 1759 896 1848 ibidem
917 1789 1044 1848 coram
1064 1773 1196 1848 nostro
1209 1757 1359 1876 judice,
1379 1789 1489 1877 quern
1508 1757 1560 1847 ad
1579 1757 1655 1848 boc
1674 1789 1877 1878 ponemus,
1905 1763 1984 1848 iure
2004 1789 2090 1880 pre-

162 1901 171 1928 ’
336 1925 341 1942 ·
387 1983 391 1990 Ι
481 1881 581 1968 dicto
609 1877 906 2000 Meydburgensi
935 1878 1227 1996 respondebunt.
1272 1876 1491 1966 Addicimus
1511 1879 1594 1990 (sic)
1614 1892 1742 1998 preter
1763 1879 1848 1984 boc,
1867 1889 1923 1985 ot,
1938 1879 2091 2084 tpuondo

482 2029 553 2090 nos
586 1999 645 2091 vei
672 2015 824 2088 nostros
850 2027 1112 2104 successores,
1147 1999 1267 2114 ipsam
1296 1996 1418 2086 villam
1447 1998 1647 2118 contigerit
1675 1998 1829 2104 intrare,
1865 2001 1987 2088 incon
2022 1999 2093 2118 ipsi

482 2120 606 2208 omnia
625 2133 754 2206 nostra
774 2115 944 2206 utensiiia
964 2115 1013 2204 ad
1036 2113 1156 2204 viliam
1178 2131 1343 2204 nostram
1359 2117 1577 2204 ,viciniorem
1608 2116 1768 2205 edocent
1787 2118 1950 2236 proprijs
1964 2133 2090 2207 rectu·

482 2239 545 2325 ris.
575 2221 764 2324 Sanitatus
784 2251 906 2324 aotam
927 2237 1079 2351 insuper
1103 2237 1183 2352 ipse
1204 2249 1241 2321 et
1260 2236 1316 2322 sui
1337 2236 1499 2354 posteri,
1530 2263 1585 2322 ac·
1604 2235 1725 2324 incole
1756 2235 1841 2324 viiie
1860 2237 1996 2353 ipsius,
2027 2269 2092 2325 cx·

483 2356 582 2473 plata
610 2355 776 2442 libertate
796 2353 984 2472 predicta,
1012 2354 1120 2442 uobis
1139 2367 1176 2442 et
1195 2355 1333 2442 nostris
1361 2355 1650 2443 successoribus
1678 2355 1862 2456 bonores,
1915 2357 2094 2446 eticiones

484 2491 523 2563 et
540 2475 709 2578 seruicia,
729 2475 828 2561 iuxta
849 2470 1153 2561 consuetudinem
1176 2487 1274 2560 terre
1294 2484 1332 2560 et
1352 2474 1440 2562 iuris
1460 2471 1779 2593 Meydburgensis
1799 2385 2093 2564 exhibebuntur

484 2595 590 2682 cuius
609 2595 662 2680 rei
683 2593 949 2695 testimouium,
969 2607 1165 2711 presentes
1188 2590 1312 2679 literas
1333 2591 1403 2680 sibi
1427 2589 1614 2700 dedimus,
1644 2605 1776 2683 nostro
1797 2609 1835 2681 et
1855 2593 2003 2712 capituli
2024 2623 2093 2682 no-

483 2711 551 2801 stri
571 2711 776 2832 sigiiiorum
797 2711 993 2812 munimine
1012 2711 1221 2798 roboratas.
1251 2709 1387 2798 Actum
1424 2727 1461 2800 et
1486 2710 1611 2800 datum
1632 2712 1669 2800 io
1684 2719 1854 2800 Raaraa
1869 2710 1941 2823 (³),
1955 2711 2008 2800 X⁰
2025 2713 2092 2800 ta·

483 2829 616 2918 iendas
636 2832 774 2918 mensis
786 2828 1016 2935 Decembris,
1026 2858 1126 2917 anuo
1147 2828 1285 2918 domini
1306 2829 1498 2920 millesimo
1515 2832 1777 2920 trecentesimo
1799 2831 2093 2952 quadragesimo

484 2948 666 3038 secundo.
698 2947 942 3039 Prosentibus
965 2947 1250 3038 honorabilibus.
1269 2963 1311 3037 ot·
1325 2947 1498 3038 discretis
1519 2950 1619 3054 vicie,
1636 2948 1814 3039 dominis:
1835 2950 1990 3040 Aiberto
2011 2979 2095 3076 pre·

485 3070 626 3188 posito,
646 3067 819 3158 iohanne
839 3067 1003 3171 decaoo,
1029 3065 1221 3187 Bogoiaio
1242 3067 1464 3170 scolastico,
1493 3067 1691 3157 Rorzisiao
1712 3066 1980 3158 archidiacono
2002 3069 2112 3174 wtaa,

485 3187 790 3292 disiauieosibusr
821 3201 857 3274 ot
878 3184 1082 3276 Saodcone
1102 3185 1261 3275 custode
1281 3188 1542 3290 orusuicieosi,
1572 3201 1609 3276 et
1628 3189 1820 3278 canonicis
1837 3188 2096 3295 ecclesiarum,

488 3336 573 3396 orm
594 3307 728 3395 ceteris
748 3305 822 3394 side
842 3303 975 3425 dignis.

424 3587 427 3594 Ι
499 3544 502 3550 -
540 3507 580 3591 (³)
595 3493 930 3596 Roci'cirlroppidomin
942 3508 1064 3594 regione
1074 3507 1476 3596 Rodziejovioosi,territorio
1491 3507 1827 3596 Cojaricosiprovincio
1835 3509 1986 3586 mosontio
1997 3512 2099 3578 situm.

1170 3792 1420 3912 ecuxxtt.

575 3993 864 4096 monna,
890 3933 1045 4086 onan
1062 3963 1212 4088 raro
1238 3973 1331 4086 cae
1356 3997 1433 4087 aa
1458 3999 1657 4086 mm
1682 3999 2017 4088 mmm.
2099 3935 2100 3942 Ν

534 4169 755 4242 moturos
768 4169 937 4264 iptotopot
957 4168 1228 4244 'tabulamentis
1243 4169 1363 4243 oudam
1378 4169 1524 4262 angono
1538 4170 1645 4246 ritino
1657 4173 1818 4240 Ζὼιοωο
1826 4173 1897 4267 juro
1913 4171 2060 4246 commti

986 4271 1106 4348 cotonb
1118 4273 1372 4367 booooottodoo
1393 4273 1540 4348 corrodit
1553 4277 1602 4360 (ἰ

551 4525 555 4536 .
592 4445 635 4534 lo
654 4449 802 4535 nomine
832 4419 987 4552 domini,
1017 4477 1137 4536 auten.
1179 4446 1369 4563 Quoniam
1399 4452 1605 4570 generacio
1635 4437 1819 4568 preterit,¹
1840 4467 1877 4538 et
1897 4451 2102 4570 generacio

492 4563 654 4668 aduenit,
674 4565 857 4684 nichilque
873 4567 908 4653 io
926 4565 1083 4655 bumana
1102 4567 1323 4657 condicione
1339 4567 1471 4658 stabile
1487 4569 1666 4690 persistit,
1687 4597 1812 4685 ymmo
1834 4582 1989 4688 propter
2010 4597 2104 4658 ntor·

594 4781 635 4866 (¹)
676 4783 724 4850 Er
738 4783 896 4872 aroteupn
915 4785 1145 4854 mambranaceo
1160 4787 1297 4856 tabularii
1311 4807 1345 4854 co
1368 4787 1431 4854 itoii
1445 4787 1713 4856 'Wtadisieviensis
1741 4787 1819 4859 Huic
1832 4786 1951 4854 uootse
1974 4805 2104 4874 appensa

316 4863 327 4876 '
397 4895 401 4902 ·
494 4867 654 4937 aramue
669 4865 781 4953 sigilla,
802 4869 929 4937 altarum
944 4869 1076 4938 funiculo
1097 4872 1193 4938 serico
1207 4873 1290 4940 rubri
1306 4807 1429 4947 cobrin,
1451 4874 1577 4960 ejusque
1597 4883 1735 4959 superest
1749 4893 1873 4958 parrum
1895 4869 2104 4958 fragmentum,

495 4953 616 5021 atterius
628 4975 666 5021 oe
681 4951 829 5022 funiculus
844 4953 966 5043 quidem
975 4963 1078 5023 restat
