4878 5942
1145 745 1190 758 -
1245 688 1419 778 ant-

471 917 638 1006 testibus:
657 910 860 1003 venerabili
881 913 916 997 in
935 907 1087 997 Christo
1104 921 1210 1024 patre
1223 902 1565 994 dominolaroslao
1581 899 1872 1018 archiepiscopo
1887 900 2097 1020 gneznensi

472 1034 742 1153 suprascripto,
762 1029 972 1118 Vinoenoio
995 1028 1178 1145 palatino,
1202 1024 1360 1112 Cbebda
1382 1022 1606 1125 oastellano,
1627 1019 1770 1108 Mathia
1786 1018 1926 1136 judice,
1948 1017 2098 1133 Sandy-

470 1153 600 1271 wogio
629 1135 833 1248 sobiudioe
854 1145 1132 1250 breslensibus;
1162 1143 1368 1231 Preozslao
1392 1140 1560 1244 Polonie,
1592 1138 1804 1226 Predborio
1828 1136 2009 1253 Cuyauie‚
2031 1164 2096 1223 oa·

469 1271 648 1388 pitaneis3
688 1267 881 1356 llobeslao
920 1264 1126 1352 castellano
1157 1260 1407 1364 orusluoiensi,
1446 1257 1638 1348 Dobeslao
1654 1256 1783 1374 judice
1818 1255 2030 1358 kalisiensi,
2062 1268 2099 1340 et

327 1463 332 1472 .
471 1389 555 1505 alijs
577 1387 744 1505 pluribus
765 1383 841 1472 fide
862 1383 999 1503 dignis.

1182 1693 1411 1811 ctxott

584 1934 873 2032 londensi,
899 1953 1055 2020 anno
1071 1927 1213 2016 1351
1230 1930 1324 2016 atie
1339 1927 1412 2015 14
1436 1885 1636 2016 menna
1660 1923 2000 2012 Deeeuobrtr.

472 2137 695 2212 pluentes
707 2135 879 2228 Episcopus
892 2133 1160 2230 mantuanensis
1173 2131 1281 2207 ultlnn
1292 2133 1442 2200 telonea
1456 2130 1578 2204 euitm
1592 2129 1685 2204 Patro
1700 2129 1785 2203 illoto
1801 2126 1946 2202 Stuuluoo
1960 2127 2100 2204 anteo

857 2227 929 2342 juri
944 2235 1093 2308 ratmont
1115 2233 1236 2309 oolouls
1257 2233 1512 2326 mououtonrtuuu
1527 2232 1648 2308 nonant
1662 2234 1710 2318 (Ι)
1819 2273 1823 2280 -

503 2415 508 2424 ’
574 2426 617 2514 ln
638 2427 787 2512 nomine
808 2423 963 2523 domini,
998 2452 1120 2510 arnan.
1157 2416 1404 2540 Antiquarum
1429 2421 1597 2512 decreuit
1618 2419 1803 2540 prouislo,
1833 2450 1905 2510 nee
1925 2421 2098 2538 displicet

474 2546 626 2664 ingenio
648 2543 924 2662 modernorum,
954 2553 994 2626 ut
1013 2542 1112 2630 laeta
1133 2543 1319 2630 bominum
1342 2543 1587 2661 perpetuitate
1608 2541 1821 2659 indigeneia
1842 2570 1912 2655 per
1932 2539 2096 2626 reddiui·

474 2693 561 2752 uum
590 2662 673 2774 (sio)
694 2662 881 2748 literarum
912 2660 1121 2748 testimonio
1150 2661 1436 2778 perhennentur.
1468 2659 1560 2748 lnde
1587 2673 1665 2763 est,
1696 2656 1799 2777 quod
1818 2687 1891 2748 nos
1919 2655 2094 2762 Matbios,

473 2781 600 2870 diuina
621 2795 658 2867 et
677 2778 887 2895 apostolice
908 2776 1012 2864 sedis
1033 2781 1167 2896 grania
1199 2779 1360 2868 eeclesia
1380 2775 1696 2866 wladislauiensis
1717 2777 1932 2894 episeopus,
1947 2777 2100 2892 oupieu·
2142 2855 2146 2862 .

473 2913 545 3002 tes,
565 2899 678 2986 ut'uei
698 2912 808 3017 geste
828 2897 924 2984 inter
944 2925 1020 2984 nos
1036 2927 1088 3002 eu¹
1105 2927 1179 2984 una
1200 2911 1326 3013 parte,
1355 2911 1391 2984 et
1411 2896 1614 2984 discretum
1634 2897 1754 2986 virum
1785 2892 1937 2984 Petrum
1959 2891 2099 2985 dietum

476 3015 654 3116 Slunisoo
676 3015 873 3103 sooltetuuu
894 3025 1065 3102 nostrum
1089 3013 1138 3102 de
1153 3021 1349 3120 bobolino,
1365 3014 1451 3102 ville
1471 3029 1602 3103 nostre
1624 3013 1707 3125 (sio)
1731 3027 1772 3102 et
1791 3011 1953 3108 eeclesia
1972 3027 2102 3102 nostre

475 3149 583 3252 purte
609 3164 661 3222 eu
679 3132 817 3238 altera,
847 3129 949 3247 apud
981 3146 1158 3248 posteros
1187 3135 1366 3221 memoria
1395 3132 1540 3251 plenior
1559 3131 1763 3236 habeatur,
1791 3144 1920 3220 notum
1946 3129 2101 3222 tannes
2144 3150 2177 3184 '·

473 3251 660 3340 uniuersis
684 3262 881 3366 presentes
901 3250 1030 3338 literas
1050 3251 1292 3368 inspecturis:
1323 3251 1425 3371 quod
1446 3250 1682 3340 intendentes
1703 3249 1960 3346 meliorationi
1980 3248 2100 3338 bono·

473 3399 556 3456 rouu
576 3369 737 3456 eoelesie
756 3381 887 3456 nostre
907 3367 1085 3484 predicte,
1107 3385 1215 3458 ulex
1236 3370 1302 3474 eis,
1323 3385 1478 3458 auctore
1499 3367 1673 3473 doruino,
1699 3369 1843 3456 lruotus
1864 3368 2014 3456 uberior
2032 3395 2100 3452 va·

462 3487 552 3576 -leat
572 3485 794 3603 prouenire;
815 3484 865 3572 de
885 3483 1074 3574 voluntate
1095 3500 1133 3574 et
1153 3517 1342 3576 consensu
1363 3485 1514 3606 capituli
1536 3487 1655 3575 nostri
1670 3485 1997 3590 wladislauiensls,
2037 3513 2100 3572 re·

475 3604 590 3690 fabul
619 3602 742 3690 uillam
774 3618 942 3690 nostrarn
970 3607 1155 3692 Lnlotriua
1187 3604 1236 3693 ad
1259 3636 1414 3694 mansos
1435 3605 1675 3724 flamingieos
1704 3605 1947 3723 exposuimus
1973 3514 2099 3692 albo·

364 3717 369 3729 ’
473 3719 638 3810 oanduun
661 3721 748 3837 jure
779 3719 1101 3838 Meydburgensi‚
1128 3738 1238 3839 prout
1258 3725 1295 3810 in
1316 3737 1417 3812 terra
1438 3725 1619 3810 oulrnenai
1650 3737 1811 3829 tenetur,
1838 3722 1910 3812 sub
1936 3751 2005 3827 ea,
2028 3747 2101 3840 que

473 3839 644 3957 sequitur
663 3835 916 3924 ordinacione.
948 3838 1094 3945 Primo,
1115 3841 1276 3928 soolteto
1298 3843 1368 3959 ipsi
1399 3871 1483 3928 euru
1504 3844 1583 3930 suis
1604 3841 1789 3958 postona,
1821 3841 1978 3930 racione
1997 3838 2100 3930 loo'a·

475 3957 616 4060 olonis,
648 3954 783 4044 damus
814 3953 911 4044 duos
942 3985 1097 4045 unansos
1126 3988 1288 4046 aoensu
1310 3971 1448 4046 tantum
1478 3973 1515 4048 el
1535 3989 1559 4045 a
1580 3959 1727 4046 decima
1757 3957 1818 4046 lini
1839 3959 1991 4060 liberos,
2014 3957 2101 4072 jure

477 4071 704 4162 hereditario
726 4087 910 4192 perpetuo
931 4074 1091 4192 pacifice
1112 4075 1386 4194 possidendos,
1407 4077 1478 4166 sed
1500 4107 1576 4164 non
1595 4107 1620 4162 a
1642 4077 1810 4181 decima,
1833 4091 1946 4196 prout
1964 4074 2023 4192 alij
2045 4074 2099 4160 in·

477 4191 561 4280 eole
581 4192 668 4280 ville
688 4193 857 4300 eiusdem
886 4195 921 4279 in
944 4223 1080 4310 oarnpo
1101 4195 1212 4282 nobis
1234 4209 1270 4281 et
1290 4196 1429 4284 nostris
1451 4195 1741 4282 suecessoribus
1768 4193 2018 4312 manipulatim
2037 4221 2101 4282 as·

476 4309 692 4425 signabunt.
733 4309 860 4398 lneole
882 4339 974 4397 vero
996 4313 1077 4427 ipsi,
1098 4312 1240 4430 elapsis
1262 4325 1424 4429 quatuor
1443 4313 1563 4418 annis,
1584 4341 1608 4400 a
1631 4313 1719 4400 data
1742 4313 1980 4428 presencium
2001 4337 2102 4398 oona

476 4425 656 4540 putando,
678 4429 786 4516 nobis
808 4443 845 4514 et
865 4429 1003 4516 nostris
1024 4431 1324 4528 suecessoribus,
1347 4431 1503 4548 singulis
1524 4429 1632 4520 annis
1654 4431 1689 4518 in
1706 4429 1804 4518 lesto
1824 4427 2103 4549 purilieaeioois

579 4723 619 4806 (Ι)
661 4723 710 4790 Ex
724 4723 885 4812 umbetypo
905 4726 1139 4798 membranaooo
1158 4727 1298 4794 tabularii
1325 4729 1447 4814 eopituli
1465 4727 1735 4798 Wladislouiensis.
1771 4729 1840 4796 Duo
1862 4736 1948 4795 erant
1969 4746 2102 4815 appenso

477 4809 547 4878 bulo
560 4807 680 4875 tabulae
694 4809 797 4906 sigilla,
811 4831 890 4897 quae
904 4831 972 4876 curn
985 4812 1046 4877 suis
1057 4813 1231 4878 retinaculis
1241 4811 1303 4899 jaun
1316 4811 1532 4880 desiderantur.
