4926 5940
1149 729 1565 850 -390-1

1038 1055 1040 1058 ·
1155 1025 1407 1146 cccuxtt.
1490 1066 1492 1070 ·

609 1251 935 1361 mammatae,
962 1283 1118 1408 ammo
1135 1263 1288 1360 1418
1313 1263 1406 1349 dte
1432 1265 1471 1350 4
1494 1265 1698 1350 'memma
1725 1265 1964 1374 auocati.
2114 1199 2123 1204 -

471 1421 1744 1560 mrenum-nureremanerenuvuumnnupmmumun,
1754 1412 2099 1558 monotaimus
2163 1483 2175 1496 ’

922 1637 925 1644 ,
1044 1570 1172 1644 anemis
1186 1569 1302 1656 utitur,
1317 1569 1449 1662 rugitu
1459 1570 1515 1680 Ι(1).
1840 1578 1842 1580 ·

569 1761 781 1852 innomine
802 1759 956 1864 domini,
978 1790 1098 1870 umen.
1141 1757 1204 1858 Ad
1226 1747 1443 1878 perpetuam
1464 1761 1519 1850 rei
1540 1761 1769 1875 memoriam.
1803 1760 1896 1848 Cum
1916 1761 2012 1848 inter
2025 1761 2096 1861 bu·

468 1912 579 1972 mane
600 1897 731 1970 nature
752 1878 916 1968 comoda
937 1879 1020 1989 (sic)
1042 1877 1151 1970 nichil
1173 1877 1324 1998 dignius
1344 1879 1525 1966 memoria
1541 1875 1736 1986 habeatur,
1752 1892 2001 1997 opportunum
2023 1882 2097 1966 exi-

467 2001 546 2106 stit,
564 2013 605 2087 ut
624 2013 732 2087 actus
753 1997 943 2086 hominum
963 1998 1155 2086 literarum
1176 1997 1346 2114 apicibus
1367 2010 1405 2084 et
1425 1997 1675 2106 cunctacione
1697 2000 1843 2086 testium
1864 1997 2097 2116 perhennen·

468 2131 544 2222 tur,
576 2149 624 2204 ne
654 2117 765 2235 lapsu
794 2117 973 2232 temporis
1003 2130 1245 2204 evanescant.
1296 2113 1464 2218 Proinde
1493 2145 1565 2204 nos
1596 2114 1846 2219 Wiadisiaus,
1876 2115 1938 2202 dei
1965 2117 2097 2236 gracia

467 2235 756 2340 RexPolonie,
778 2263 947 2322 necnon
970 2248 1149 2322 terrarum
1174 2233 1394 2338 Cracowie,
1426 2233 1683 2340 Sandomirie,
1713 2231 1878 2338 Siradie,
1908 2228 2097 2336 Leucicie,

470 2355 671 2471 Cuijawie,
701 2351 960 2464 Litwanieque
995 2352 1173 2470 princeps
1205 2351 1459 2470 SuppremuS,
1500 2353 1746 2458 Pomeranie,
1775 2351 1996 2470 Russieque
2028 2351 2096 2442 do-

468 2474 588 2560 minus
609 2484 646 2556 et
667 2471 778 2558 heres
799 2485 882 2574 etc„
914 2468 1171 2589 significamus
1193 2483 1326 2558 tenore
1348 2471 1583 2587 presencium
1616 2471 1751 2589 quibus
1779 2468 1931 2588 expedit
1952 2471 2096 2560 univer·

467 2591 521 2678 sis
542 2590 839 2708 presentibus-et
859 2588 1005 2698 futuris,
1037 2589 1275 2705 presencium
1307 2590 1480 2676 noticiam
1512 2589 1708 2676 habituris:
1741 2585 1860 2702 Quod
1883 2619 1929 2676 ex
1950 2588 2095 2706 quoad

467 2709 542 2796 hoc
563 2707 687 2797 divine
710 2707 912 2794 maiestatis
934 2705 1177 2823 providencia
1207 2703 1328 2794 Nobis
1359 2707 1488 2827 Regni
1508 2707 1654 2796 comisit
1675 2707 1757 2816 (sic)
1779 2705 2035 2825 gubernacula
2056 2723 2095 2794 et

465 2823 714 2942 Dyadematis
743 2822 826 2912 Nos
847 2824 993 2912 honore
1022 2825 1229 2944 insignivit,
1261 2839 1410 2912 etcum
1441 2827 1602 2912 omnium
1631 2827 1703 2914 sub
1733 2826 1851 2912 nostri
1876 2823 2093 2943 *Reginus

467 2973 560 3034 cura
581 2944 871 3044 consistencium
892 2943 1122 3058 profectibus
1143 2957 1337 3032 teneamur
1353 2943 1557 3051 intendere,
1573 2944 1730 3032 maxime
1750 2945 1926 3061 personis
1946 2943 2094 3060 spiritu-

466 3061 588 3152 aiibus
610 3075 647 3148 et
665 3060 841 3148 Ecclesie
863 3061 1048 3166 ministris,
1065 3091 1223 3178 quorum
1245 3063 1435 3181 suffragijs
1457 3077 1493 3151 et
1514 3063 1688 3180 precibus
1711 3091 1871 3181 gressus
1892 3062 2010 3167 nostri
2026 3059 2092 3148 de-

466 3182 542 3270 bite
564 3177 790 3294 diriguntur,
822 3179 981 3266 fatemur
1015 3208 1086 3266 nos
1109 3180 1289 3300 obligari3
1323 3179 1480 3297 proinde
1515 3180 1772 3282 attendentes,
1806 3179 1996 3299 quomodo
2017 3176 2093 3266 Ec-

469 3297 583 3386 clesia
605 3295 946 3402 Wiadisiaviensis,
969 3327 1041 3386 una
1064 3327 1148 3384 cum
1170 3299 1248 3410 suis
1276 3299 1436 3388 Presuie
1457 3314 1494 3386 et
1513 3300 1705 3404 ministris,
1726 3300 1828 3386 circa
1849 3298 2039 3420 gramcies
2059 3311 2096 3386 et

467 3417 600 3504 limites
621 3413 817 3504 Bonorum
838 3413 937 3502 dicte
957 3413 1133 3506 Ecclesia
1162 3448 1184 3509 a
1206 3418 1392 3504 nonnullis
1423 3417 1654 3534 adverserijs
1676 3433 1713 3505 et
1732 3417 1863 3506 emulis
1880 3445 1985 3504 nunc
1999 3413 2095 3532 judi·

467 3535 612 3622 ciorum
633 3534 866 3650 strepitibus,
897 3564 997 3620 nunc
1018 3536 1302 3651 opressicnibus
1324 3536 1424 3647 (sic),
1456 3567 1554 3623 nunc
1582 3537 1777 3652 violencijs
1805 3549 1841 3622 et
1862 3535 2095 3651 eatmrpnijs,

467 3649 580 3736 muita
603 3666 714 3768 atque
736 3654 841 3738 varia
862 3654 1058 3767 paciuntur
1078 3653 1313 3742 detrimenta:
1346 3653 1516 3746 volentes
1539 3655 1681 3773 itaquo„
1696 3671 1735 3742 ut
1756 3655 1899 3770 prefata
1919 3651 2095 3741 Ecclesia

467 3765 814 3874 wladislaviensiS‚
847 3770 917 3856 sub
939 3783 1067 3857 nostre
1087 3773 1341 3887 protecciunis
1373 3775 1497 3888 posita
1519 3773 1709 3890 presidis,
1740 3773 1788 3860 ab
1810 3771 2093 3892 opressicnibus

468 3883 682 3975 huiusmodi
704 3899 870 3992 eruatur,
902 3903 939 3974 et
951 3917 1029 4005 per
1050 3905 1177 3976 nostra
1201 3890 1439 4004 opitulamina
1462 3891 1586 3980 debita
1608 3892 1776 3986 libertate
1796 3889 1942 3991 letetur,
1974 3887 2093 3977 omui·

435 4037 440 4046 ·
468 4005 540 4093 bus
563 4005 721 4108 nribus,
752 4003 977 4126 privilegijs,
1008 4007 1374 4108 consuetudinibus,
1406 4009 1693 4098 immunitatibus
1714 4022 1752 4096 et
1772 4010 1932 4130 graciis,
1959 4005 2094 4124 quibus

469 4121 552 4213 Ecc
567 4124 645 4212 esia
667 4123 902 4212 Gneznensis
923 4127 1077 4241 potitur,
1108 4139 1184 4214 tam
1206 4128 1308 4212 circa
1331 4125 1574 4232 limiteciones
1605 4129 1810 4232 bonorum,
1843 4157 1956 4246 quam
1976 4127 2095 4220 eciam

469 4241 570 4328 circa
591 4239 665 4328 alia
685 4241 790 4349 dura,
814 4273 887 4361 que
904 4243 1023 4360 ipsam
1040 4239 1254 4331 Ecclesiam
1276 4243 1652 4349 Wiadisiaviensem,
1675 4261 1712 4334 et
1728 4249 1808 4334 eius
1824 4243 2024 4334 comodum
2044 4244 2096 4333 vi.-

469 4357 656 4448 debuntur
678 4389 926 4467 concernere,
958 4361 1202 4472 concedimus
1224 4363 1344 4451 utiirui
1365 4379 1401 4450 et
1423 4365 1603 4482 gaudere.
1650 4363 1770 4453 Vobis
1792 4367 1904 4485 igitur
1924 4363 2095 4450 omnibus

470 4491 507 4562 et
536 4477 695 4596 singulis
735 4477 932 4584 Palatinis,
967 4479 1211 4584 Castelianis,
1250 4481 1482 4598 Capitoneis,
1515 4485 1833 4600 Subcamerarijs,
1865 4481 2094 4600 Dignitavijs

548 4775 554 4789 ι
579 4692 621 4790 (ξ)
646 4694 694 4792 Εκ
709 4694 869 4781 archetypo
884 4695 1114 4763 membranaceo
1129 4697 1266 4764 tebdiarii
1281 4697 1400 4784 capituti
1416 4661 1683 4767 Wtddietuuiensis.
1720 4696 1867 4774 Furriuuto
1879 4669 1977 4765 serico
1993 4671 2098 4763 coieris

473 4797 622 4852 muner,
642 4799 674 4842 m
713 4781 723 4844 i
737 4788 769 4844 et
781 4781 864 4857 ssavi,
887 4799 1054 4877 appensum
1069 4789 1115 4848 est
1127 4782 1273 4868 sigillum,
1287 4784 1454 4849 sic‘dictum
1471 4785 1730 4868 majestaticumtt
1773 4787 1796 4849 ia
1813 4785 1976 4850 Wtudistai.
2004 4785 2096 4849 inve·

471 4861 599 4929 trituret
615 4799 865 4950 aliuderempiur
879 4865 968 4950 hujus
983 4867 1116 4941 tabulae,
1139 4867 1220 4960 quod
1235 4857 1335 4934 temen
1352 4869 1448 4934 nudas
1464 4869 1584 4936 exbibet
1596 4871 1746 4936 variantes
1772 4872 1912 4936 catones.
