<?xml version="1.0" encoding="UTF-8"?>
<!DOCTYPE html PUBLIC "-//W3C//DTD XHTML 1.0 Transitional//EN"
    "http://www.w3.org/TR/xhtml1/DTD/xhtml1-transitional.dtd">
<html xmlns="http://www.w3.org/1999/xhtml" xml:lang="en" lang="en">
 <head>
  <title>
</title>
<meta http-equiv="Content-Type" content="text/html;charset=utf-8" />
  <meta name='ocr-system' content='tesseract 3.04.00' />
  <meta name='ocr-capabilities' content='ocr_page ocr_carea ocr_par ocr_line ocrx_word'/>
</head>
<body>
  <div class='ocr_page' id='page_1' title='image "./codexdiplomatic01bartgoog_0195.png"; bbox 0 0 4896 5926; ppageno 0'>
   <div class='ocr_carea' id='block_1_1' title="bbox 1021 745 1293 819">
    <p class='ocr_par' dir='ltr' id='par_1_1' title="bbox 1021 745 1293 819">
     <span class='ocr_line' id='line_1_1' title="bbox 1021 745 1293 819; baseline 0.004 -1"><span class='ocrx_word' id='word_1_1' title='bbox 1021 783 1065 798; x_wconf 95' lang='lat'><em>-</em></span> <span class='ocrx_word' id='word_1_2' title='bbox 1124 745 1293 819; x_wconf 73' lang='grc'><strong>149-</strong></span> 
     </span>
    </p>
   </div>
   <div class='ocr_carea' id='block_1_2' title="bbox 1043 1037 1271 1154">
    <p class='ocr_par' dir='ltr' id='par_1_2' title="bbox 1043 1037 1271 1154">
     <span class='ocr_line' id='line_1_2' title="bbox 1043 1037 1271 1154; baseline 0.044 -10"><span class='ocrx_word' id='word_1_3' title='bbox 1043 1037 1271 1154; x_wconf 70' lang='lat' dir='ltr'><strong>,utxtxs</strong></span> 
     </span>
    </p>
   </div>
   <div class='ocr_carea' id='block_1_3' title="bbox 333 1269 1867 1368">
    <p class='ocr_par' dir='ltr' id='par_1_3' title="bbox 333 1269 1867 1368">
     <span class='ocr_line' id='line_1_3' title="bbox 333 1269 1867 1368; baseline 0.006 -13"><span class='ocrx_word' id='word_1_4' title='bbox 333 1300 338 1309; x_wconf 88' lang='lat'><em>·</em></span> <span class='ocrx_word' id='word_1_5' title='bbox 452 1269 876 1368; x_wconf 77' lang='lat' dir='ltr'><strong>wmunmoroe,</strong></span> <span class='ocrx_word' id='word_1_6' title='bbox 902 1289 1058 1358; x_wconf 73' lang='lat' dir='ltr'><strong>cnseo</strong></span> <span class='ocrx_word' id='word_1_7' title='bbox 1083 1271 1234 1362; x_wconf 75' lang='lat'><strong>1298</strong></span> <span class='ocrx_word' id='word_1_8' title='bbox 1261 1273 1354 1358; x_wconf 84' lang='lat' dir='ltr'><strong>dte</strong></span> <span class='ocrx_word' id='word_1_9' title='bbox 1379 1271 1457 1360; x_wconf 75' lang='lat'><strong>28</strong></span> <span class='ocrx_word' id='word_1_10' title='bbox 1480 1277 1680 1362; x_wconf 71' lang='lat' dir='ltr'><strong>meum</strong></span> <span class='ocrx_word' id='word_1_11' title='bbox 1703 1279 1867 1364; x_wconf 72' lang='lat' dir='ltr'><strong>uotae.</strong></span> 
     </span>
    </p>
   </div>
   <div class='ocr_carea' id='block_1_4' title="bbox 339 1467 1968 1792">
    <p class='ocr_par' dir='ltr' id='par_1_4' title="bbox 339 1467 1968 1792">
     <span class='ocr_line' id='line_1_4' title="bbox 340 1467 1968 1570; baseline 0.007 -28"><span class='ocrx_word' id='word_1_12' title='bbox 340 1467 650 1544; x_wconf 71' lang='lat' dir='ltr'><strong>Premlslaus</strong></span> <span class='ocrx_word' id='word_1_13' title='bbox 671 1471 742 1545; x_wconf 83' lang='lat' dir='ltr'><strong>Itu</strong></span> <span class='ocrx_word' id='word_1_14' title='bbox 764 1471 911 1570; x_wconf 60' lang='lat' dir='ltr'><strong>wadre</strong></span> <span class='ocrx_word' id='word_1_15' title='bbox 933 1478 968 1548; x_wconf 85' lang='lat' dir='ltr'><strong>et</strong></span> <span class='ocrx_word' id='word_1_16' title='bbox 987 1473 1131 1550; x_wconf 78' lang='lat' dir='ltr'><strong>tontum</strong></span> <span class='ocrx_word' id='word_1_17' title='bbox 1150 1473 1422 1548; x_wconf 62' lang='lat' dir='ltr'><strong>mamistiensis</strong></span> <span class='ocrx_word' id='word_1_18' title='bbox 1441 1491 1510 1550; x_wconf 82' lang='lat' dir='ltr'><strong>mro</strong></span> <span class='ocrx_word' id='word_1_19' title='bbox 1529 1478 1630 1552; x_wconf 70' lang='lat' dir='ltr'><strong>nabe</strong></span> <span class='ocrx_word' id='word_1_20' title='bbox 1651 1495 1710 1552; x_wconf 82' lang='lat' dir='ltr'><strong>rae</strong></span> <span class='ocrx_word' id='word_1_21' title='bbox 1729 1479 1889 1568; x_wconf 75' lang='lat' dir='ltr'><strong>sucum,</strong></span> <span class='ocrx_word' id='word_1_22' title='bbox 1910 1497 1968 1554; x_wconf 86' lang='lat' dir='ltr'><strong>neo</strong></span> 
     </span>
     <span class='ocr_line' id='line_1_5' title="bbox 339 1570 1968 1670; baseline 0.01 -30"><span class='ocrx_word' id='word_1_23' title='bbox 339 1585 402 1642; x_wconf 82' lang='lat' dir='ltr'><strong>nou</strong></span> <span class='ocrx_word' id='word_1_24' title='bbox 424 1570 575 1647; x_wconf 66' lang='lat' dir='ltr'><strong>babitu</strong></span> <span class='ocrx_word' id='word_1_25' title='bbox 596 1573 664 1646; x_wconf 82' lang='lat' dir='ltr'><strong>mu</strong></span> <span class='ocrx_word' id='word_1_26' title='bbox 684 1574 822 1648; x_wconf 70' lang='lat' dir='ltr'><strong>bucone</strong></span> <span class='ocrx_word' id='word_1_27' title='bbox 847 1577 883 1648; x_wconf 88' lang='lat' dir='ltr'><strong>et</strong></span> <span class='ocrx_word' id='word_1_28' title='bbox 906 1575 1057 1650; x_wconf 74' lang='lat' dir='ltr'><strong>tutnlro</strong></span> <span class='ocrx_word' id='word_1_29' title='bbox 1080 1574 1279 1648; x_wconf 65' lang='lat' dir='ltr'><strong>nemu</strong></span> <span class='ocrx_word' id='word_1_30' title='bbox 1304 1574 1422 1664; x_wconf 78' lang='lat' dir='ltr'><strong>mua,</strong></span> <span class='ocrx_word' id='word_1_31' title='bbox 1452 1575 1579 1666; x_wconf 67' lang='lat' dir='ltr'><strong>Ulmo,</strong></span> <span class='ocrx_word' id='word_1_32' title='bbox 1605 1579 1776 1668; x_wconf 69' lang='lat' dir='ltr'><strong>bonum,</strong></span> <span class='ocrx_word' id='word_1_33' title='bbox 1805 1581 1968 1670; x_wconf 71' lang='grc' dir='ltr'>Ιιῐῐίπιι,</span> 
     </span>
     <span class='ocr_line' id='line_1_6' title="bbox 514 1675 1793 1792; baseline -0.002 -41"><span class='ocrx_word' id='word_1_34' title='bbox 514 1675 669 1764; x_wconf 70' lang='lat' dir='ltr'><strong>ruben,</strong></span> <span class='ocrx_word' id='word_1_35' title='bbox 689 1677 826 1751; x_wconf 66' lang='lat' dir='ltr'><strong>uncta</strong></span> <span class='ocrx_word' id='word_1_36' title='bbox 839 1676 1104 1753; x_wconf 72' lang='lat' dir='ltr'><strong>aeacum</strong></span> <span class='ocrx_word' id='word_1_37' title='bbox 1116 1676 1266 1792; x_wconf 73' lang='lat' dir='ltr'><strong>bebbae</strong></span> <span class='ocrx_word' id='word_1_38' title='bbox 1280 1677 1793 1772; x_wconf 61' lang='lat' dir='ltr'><strong>dlluflaodsmcontutv).</strong></span> 
     </span>
    </p>
   </div>
   <div class='ocr_carea' id='block_1_5' title="bbox 336 1863 2032 2222">
    <p class='ocr_par' dir='ltr' id='par_1_5' title="bbox 336 1863 2032 2222">
     <span class='ocr_line' id='line_1_7' title="bbox 438 1863 1964 1972; baseline 0.005 -22"><span class='ocrx_word' id='word_1_39' title='bbox 438 1863 480 1950; x_wconf 91' lang='lat' dir='ltr'><strong>ln</strong></span> <span class='ocrx_word' id='word_1_40' title='bbox 502 1866 650 1954; x_wconf 92' lang='lat' dir='ltr'><strong>nomine</strong></span> <span class='ocrx_word' id='word_1_41' title='bbox 671 1866 826 1969; x_wconf 90' lang='lat' dir='ltr'><strong>domini,</strong></span> <span class='ocrx_word' id='word_1_42' title='bbox 856 1897 978 1957; x_wconf 88' lang='lat' dir='ltr'><strong>amen.</strong></span> <span class='ocrx_word' id='word_1_43' title='bbox 1029 1867 1126 1956; x_wconf 83' lang='lat' dir='ltr'><strong>Actu</strong></span> <span class='ocrx_word' id='word_1_44' title='bbox 1147 1869 1334 1958; x_wconf 88' lang='lat' dir='ltr'><strong>hominurn</strong></span> <span class='ocrx_word' id='word_1_45' title='bbox 1356 1899 1379 1956; x_wconf 90' lang='lat' dir='ltr'><strong>a</strong></span> <span class='ocrx_word' id='word_1_46' title='bbox 1400 1871 1579 1956; x_wconf 88' lang='lat' dir='ltr'><strong>memoria</strong></span> <span class='ocrx_word' id='word_1_47' title='bbox 1601 1871 1650 1960; x_wconf 87' lang='lat' dir='ltr'><strong>de</strong></span> <span class='ocrx_word' id='word_1_48' title='bbox 1672 1871 1795 1972; x_wconf 84' lang='lat' dir='ltr'><strong>laeillr]</strong></span> <span class='ocrx_word' id='word_1_49' title='bbox 1817 1871 1964 1958; x_wconf 89' lang='lat' dir='ltr'><strong>subtra-</strong></span> 
     </span>
     <span class='ocr_line' id='line_1_8' title="bbox 338 1981 1967 2122; baseline 0.005 -54"><span class='ocrx_word' id='word_1_50' title='bbox 338 1981 483 2086; x_wconf 90' lang='lat' dir='ltr'><strong>buntur,</strong></span> <span class='ocrx_word' id='word_1_51' title='bbox 505 2007 578 2118; x_wconf 75' lang='lat' dir='ltr'><strong>que</strong></span> <span class='ocrx_word' id='word_1_52' title='bbox 593 1983 722 2118; x_wconf 80' lang='lat' dir='ltr'><strong>lingua</strong></span> <span class='ocrx_word' id='word_1_53' title='bbox 732 1985 897 2122; x_wconf 73' lang='lat' dir='ltr'><strong>testium,</strong></span> <span class='ocrx_word' id='word_1_54' title='bbox 917 2001 982 2074; x_wconf 88' lang='lat' dir='ltr'><strong>eut</strong></span> <span class='ocrx_word' id='word_1_55' title='bbox 996 1987 1123 2121; x_wconf 89' lang='lat' dir='ltr'><strong>scripti</strong></span> <span class='ocrx_word' id='word_1_56' title='bbox 1140 1987 1398 2122; x_wconf 66' lang='lat' dir='ltr'><strong>gubernaculo</strong></span> <span class='ocrx_word' id='word_1_57' title='bbox 1414 2015 1491 2122; x_wconf 83' lang='lat' dir='ltr'><strong>non</strong></span> <span class='ocrx_word' id='word_1_58' title='bbox 1505 1986 1722 2122; x_wconf 77' lang='lat' dir='ltr'><strong>solidentur.</strong></span> <span class='ocrx_word' id='word_1_59' title='bbox 1752 1988 1967 2122; x_wconf 87' lang='lat' dir='ltr'><strong>Eepropter</strong></span> 
     </span>
     <span class='ocr_line' id='line_1_9' title="bbox 336 2095 2032 2222; baseline 0.005 -38"><span class='ocrx_word' id='word_1_60' title='bbox 336 2095 421 2188; x_wconf 89' lang='lat' dir='ltr'><strong>Nos</strong></span> <span class='ocrx_word' id='word_1_61' title='bbox 442 2099 660 2190; x_wconf 87' lang='lat' dir='ltr'><strong>Premrsbus</strong></span> <span class='ocrx_word' id='word_1_62' title='bbox 681 2101 741 2190; x_wconf 86' lang='lat' dir='ltr'><strong>der</strong></span> <span class='ocrx_word' id='word_1_63' title='bbox 761 2125 895 2222; x_wconf 71' lang='lat' dir='ltr'><strong>praere</strong></span> <span class='ocrx_word' id='word_1_64' title='bbox 917 2103 1003 2190; x_wconf 84' lang='lat' dir='ltr'><strong>llux</strong></span> <span class='ocrx_word' id='word_1_65' title='bbox 1024 2103 1259 2192; x_wconf 74' lang='lat' dir='ltr'><strong>Conamensis</strong></span> <span class='ocrx_word' id='word_1_66' title='bbox 1280 2117 1317 2190; x_wconf 88' lang='lat' dir='ltr'><strong>et</strong></span> <span class='ocrx_word' id='word_1_67' title='bbox 1337 2104 1510 2192; x_wconf 89' lang='lat' dir='ltr'><strong>dommus</strong></span> <span class='ocrx_word' id='word_1_68' title='bbox 1531 2103 1861 2192; x_wconf 85' lang='lat' dir='ltr'><strong>Wladrsleuiensrs</strong></span> <span class='ocrx_word' id='word_1_69' title='bbox 1881 2134 1967 2192; x_wconf 89' lang='lat' dir='ltr'><strong>oum</strong></span> <span class='ocrx_word' id='word_1_70' title='bbox 2030 2207 2032 2212; x_wconf 17' lang='lat'><strong>¹</strong></span> 
     </span>
    </p>
   </div>
   <div class='ocr_carea' id='block_1_6' title="bbox 333 2216 2074 4098">
    <p class='ocr_par' dir='ltr' id='par_1_6' title="bbox 333 2216 2074 4098">
     <span class='ocr_line' id='line_1_10' title="bbox 336 2216 1966 2340; baseline 0.005 -38"><span class='ocrx_word' id='word_1_71' title='bbox 336 2216 512 2306; x_wconf 83' lang='lat' dir='ltr'><strong>iratribus</strong></span> <span class='ocrx_word' id='word_1_72' title='bbox 533 2221 671 2306; x_wconf 88' lang='lat' dir='ltr'><strong>nostris</strong></span> <span class='ocrx_word' id='word_1_73' title='bbox 693 2221 914 2326; x_wconf 77' lang='lat' dir='ltr'><strong>uerissimiS,</strong></span> <span class='ocrx_word' id='word_1_74' title='bbox 941 2220 1099 2308; x_wconf 90' lang='lat' dir='ltr'><strong>ducibus</strong></span> <span class='ocrx_word' id='word_1_75' title='bbox 1121 2220 1288 2309; x_wconf 87' lang='lat' dir='ltr'><strong>eiusdem</strong></span> <span class='ocrx_word' id='word_1_76' title='bbox 1311 2223 1552 2340; x_wconf 73' lang='lat' dir='ltr'><strong>principatus</strong></span> <span class='ocrx_word' id='word_1_77' title='bbox 1573 2216 1766 2311; x_wconf 85' lang='lat' dir='ltr'><strong>Lestkene</strong></span> <span class='ocrx_word' id='word_1_78' title='bbox 1785 2251 1833 2309; x_wconf 89' lang='lat' dir='ltr'><strong>ac</strong></span> <span class='ocrx_word' id='word_1_79' title='bbox 1854 2220 1966 2310; x_wconf 84' lang='lat' dir='ltr'><strong>Kazi·</strong></span> 
     </span>
     <span class='ocr_line' id='line_1_11' title="bbox 335 2333 1966 2454; baseline 0.006 -36"><span class='ocrx_word' id='word_1_80' title='bbox 335 2335 430 2421; x_wconf 94' lang='lat' dir='ltr'><strong>miro</strong></span> <span class='ocrx_word' id='word_1_81' title='bbox 447 2333 580 2421; x_wconf 80' lang='lat' dir='ltr'><strong>cedem</strong></span> <span class='ocrx_word' id='word_1_82' title='bbox 596 2339 739 2451; x_wconf 69' lang='lat' dir='ltr'><strong>grania</strong></span> <span class='ocrx_word' id='word_1_83' title='bbox 758 2366 830 2424; x_wconf 87' lang='lat' dir='ltr'><strong>nec</strong></span> <span class='ocrx_word' id='word_1_84' title='bbox 844 2365 920 2424; x_wconf 91' lang='lat' dir='ltr'><strong>non</strong></span> <span class='ocrx_word' id='word_1_85' title='bbox 936 2351 1054 2425; x_wconf 77' lang='lat' dir='ltr'><strong>meuc</strong></span> <span class='ocrx_word' id='word_1_86' title='bbox 1070 2351 1201 2425; x_wconf 85' lang='lat' dir='ltr'><strong>nostra</strong></span> <span class='ocrx_word' id='word_1_87' title='bbox 1216 2338 1420 2454; x_wconf 86' lang='lat' dir='ltr'><strong>predileeto</strong></span> <span class='ocrx_word' id='word_1_88' title='bbox 1437 2339 1587 2428; x_wconf 74' lang='lat' dir='ltr'><strong>domna</strong></span> <span class='ocrx_word' id='word_1_89' title='bbox 1605 2339 1796 2444; x_wconf 82' lang='lat' dir='ltr'><strong>Sdomee,</strong></span> <span class='ocrx_word' id='word_1_90' title='bbox 1811 2338 1966 2428; x_wconf 76' lang='lat' dir='ltr'><strong>ducissa</strong></span> 
     </span>
     <span class='ocr_line' id='line_1_12' title="bbox 335 2449 1966 2572; baseline 0.007 -38"><span class='ocrx_word' id='word_1_91' title='bbox 335 2449 424 2538; x_wconf 80' lang='lat' dir='ltr'><strong>dicei</strong></span> <span class='ocrx_word' id='word_1_92' title='bbox 445 2451 518 2536; x_wconf 93' lang='lat' dir='ltr'><strong>iarn</strong></span> <span class='ocrx_word' id='word_1_93' title='bbox 539 2451 708 2558; x_wconf 78' lang='lat' dir='ltr'><strong>ducatus,</strong></span> <span class='ocrx_word' id='word_1_94' title='bbox 730 2467 855 2540; x_wconf 90' lang='lat' dir='ltr'><strong>notum</strong></span> <span class='ocrx_word' id='word_1_95' title='bbox 877 2455 1156 2542; x_wconf 88' lang='lat' dir='ltr'><strong>essevolumus</strong></span> <span class='ocrx_word' id='word_1_96' title='bbox 1178 2469 1252 2540; x_wconf 89' lang='lat' dir='ltr'><strong>tam</strong></span> <span class='ocrx_word' id='word_1_97' title='bbox 1274 2455 1511 2572; x_wconf 68' lang='lat' dir='ltr'><strong>presentibus</strong></span> <span class='ocrx_word' id='word_1_98' title='bbox 1531 2482 1641 2568; x_wconf 91' lang='lat' dir='ltr'><strong>quam</strong></span> <span class='ocrx_word' id='word_1_99' title='bbox 1664 2458 1808 2544; x_wconf 87' lang='lat' dir='ltr'><strong>luteris:</strong></span> <span class='ocrx_word' id='word_1_100' title='bbox 1846 2455 1966 2571; x_wconf 85' lang='lat' dir='ltr'><strong>Quod</strong></span> 
     </span>
     <span class='ocr_line' id='line_1_13' title="bbox 335 2567 2074 2678; baseline 0.005 -26"><span class='ocrx_word' id='word_1_101' title='bbox 335 2567 811 2662; x_wconf 78' lang='lat' dir='ltr'><strong>nostrisrncllibeatoribus</strong></span> <span class='ocrx_word' id='word_1_102' title='bbox 834 2569 993 2674; x_wconf 89' lang='lat' dir='ltr'><strong>Goleze,</strong></span> <span class='ocrx_word' id='word_1_103' title='bbox 1019 2569 1192 2674; x_wconf 90' lang='lat' dir='ltr'><strong>Winoni,</strong></span> <span class='ocrx_word' id='word_1_104' title='bbox 1212 2567 1427 2672; x_wconf 88' lang='lat' dir='ltr'><strong>Demarad,</strong></span> <span class='ocrx_word' id='word_1_105' title='bbox 1447 2571 1623 2674; x_wconf 71' lang='lat' dir='ltr'><strong>Martium</strong></span> <span class='ocrx_word' id='word_1_106' title='bbox 1650 2573 1851 2678; x_wconf 85' lang='lat' dir='ltr'><strong>Postlroni,</strong></span> <span class='ocrx_word' id='word_1_107' title='bbox 1872 2571 1965 2660; x_wconf 88' lang='lat' dir='ltr'><strong>Zer·</strong></span> <span class='ocrx_word' id='word_1_108' title='bbox 2063 2581 2074 2642; x_wconf 76' lang='lat'><strong>⁷·-</strong></span> 
     </span>
     <span class='ocr_line' id='line_1_14' title="bbox 335 2685 1966 2806; baseline 0.002 -34"><span class='ocrx_word' id='word_1_109' title='bbox 335 2698 425 2773; x_wconf 89' lang='lat' dir='ltr'><strong>uote</strong></span> <span class='ocrx_word' id='word_1_110' title='bbox 455 2699 643 2774; x_wconf 86' lang='lat' dir='ltr'><strong>eteorum</strong></span> <span class='ocrx_word' id='word_1_111' title='bbox 674 2687 849 2774; x_wconf 84' lang='lat' dir='ltr'><strong>iratribus</strong></span> <span class='ocrx_word' id='word_1_112' title='bbox 879 2687 1102 2776; x_wconf 90' lang='lat' dir='ltr'><strong>contulimus</strong></span> <span class='ocrx_word' id='word_1_113' title='bbox 1122 2687 1264 2792; x_wconf 89' lang='lat' dir='ltr'><strong>villam,</strong></span> <span class='ocrx_word' id='word_1_114' title='bbox 1295 2713 1369 2798; x_wconf 89' lang='lat' dir='ltr'><strong>que</strong></span> <span class='ocrx_word' id='word_1_115' title='bbox 1400 2693 1663 2774; x_wconf 75' lang='lat' dir='ltr'><strong>Boreiodzieie</strong></span> <span class='ocrx_word' id='word_1_116' title='bbox 1682 2685 1738 2798; x_wconf 73' lang='lat'><strong>(²)</strong></span> <span class='ocrx_word' id='word_1_117' title='bbox 1770 2691 1966 2806; x_wconf 84' lang='lat' dir='ltr'><strong>wlgariter</strong></span> 
     </span>
     <span class='ocr_line' id='line_1_15' title="bbox 334 2801 1964 2922; baseline 0 -32"><span class='ocrx_word' id='word_1_118' title='bbox 334 2801 565 2921; x_wconf 85' lang='lat' dir='ltr'><strong>appellatur,</strong></span> <span class='ocrx_word' id='word_1_119' title='bbox 600 2817 798 2891; x_wconf 87' lang='lat' dir='ltr'><strong>eteorum</strong></span> <span class='ocrx_word' id='word_1_120' title='bbox 828 2804 955 2892; x_wconf 88' lang='lat' dir='ltr'><strong>liberis</strong></span> <span class='ocrx_word' id='word_1_121' title='bbox 986 2805 1022 2892; x_wconf 90' lang='lat' dir='ltr'><strong>in</strong></span> <span class='ocrx_word' id='word_1_122' title='bbox 1053 2819 1273 2922; x_wconf 89' lang='lat' dir='ltr'><strong>perpetuum</strong></span> <span class='ocrx_word' id='word_1_123' title='bbox 1304 2803 1593 2922; x_wconf 88' lang='lat' dir='ltr'><strong>possidendam,</strong></span> <span class='ocrx_word' id='word_1_124' title='bbox 1628 2803 1834 2891; x_wconf 84' lang='lat' dir='ltr'><strong>seeundum</strong></span> <span class='ocrx_word' id='word_1_125' title='bbox 1862 2805 1964 2916; x_wconf 90' lang='lat' dir='ltr'><strong>quod</strong></span> 
     </span>
     <span class='ocr_line' id='line_1_16' title="bbox 335 2920 1965 3040; baseline -0.001 -32"><span class='ocrx_word' id='word_1_126' title='bbox 335 2935 504 3038; x_wconf 88' lang='lat' dir='ltr'><strong>ternpore</strong></span> <span class='ocrx_word' id='word_1_127' title='bbox 524 2923 641 3040; x_wconf 86' lang='lat' dir='ltr'><strong>patris</strong></span> <span class='ocrx_word' id='word_1_128' title='bbox 661 2924 779 3010; x_wconf 81' lang='lat' dir='ltr'><strong>nostri</strong></span> <span class='ocrx_word' id='word_1_129' title='bbox 801 2923 861 3038; x_wconf 90' lang='lat' dir='ltr'><strong>pie</strong></span> <span class='ocrx_word' id='word_1_130' title='bbox 882 2924 1061 3028; x_wconf 84' lang='lat' dir='ltr'><strong>memorie</strong></span> <span class='ocrx_word' id='word_1_131' title='bbox 1081 2924 1131 3011; x_wconf 90' lang='lat' dir='ltr'><strong>ab</strong></span> <span class='ocrx_word' id='word_1_132' title='bbox 1151 2924 1304 3032; x_wconf 87' lang='lat' dir='ltr'><strong>antiquo</strong></span> <span class='ocrx_word' id='word_1_133' title='bbox 1325 2921 1596 3038; x_wconf 89' lang='lat' dir='ltr'><strong>possederunt,</strong></span> <span class='ocrx_word' id='word_1_134' title='bbox 1623 2923 1672 3009; x_wconf 90' lang='lat' dir='ltr'><strong>ita</strong></span> <span class='ocrx_word' id='word_1_135' title='bbox 1695 2938 1836 3028; x_wconf 87' lang='lat' dir='ltr'><strong>tamen,</strong></span> <span class='ocrx_word' id='word_1_136' title='bbox 1861 2920 1965 3035; x_wconf 88' lang='lat' dir='ltr'><strong>quod</strong></span> 
     </span>
     <span class='ocr_line' id='line_1_17' title="bbox 334 3037 1964 3162; baseline 0.001 -37"><span class='ocrx_word' id='word_1_137' title='bbox 334 3037 444 3126; x_wconf 88' lang='lat' dir='ltr'><strong>uobis</strong></span> <span class='ocrx_word' id='word_1_138' title='bbox 475 3039 511 3129; x_wconf 92' lang='lat' dir='ltr'><strong>in</strong></span> <span class='ocrx_word' id='word_1_139' title='bbox 531 3038 592 3126; x_wconf 89' lang='lat' dir='ltr'><strong>die</strong></span> <span class='ocrx_word' id='word_1_140' title='bbox 612 3039 711 3126; x_wconf 91' lang='lat' dir='ltr'><strong>beati</strong></span> <span class='ocrx_word' id='word_1_141' title='bbox 743 3037 938 3127; x_wconf 80' lang='lat' dir='ltr'><strong>Michaelis</strong></span> <span class='ocrx_word' id='word_1_142' title='bbox 962 3039 1194 3162; x_wconf 77' lang='lat' dir='ltr'><strong>Archangeli</strong></span> <span class='ocrx_word' id='word_1_143' title='bbox 1215 3039 1343 3158; x_wconf 79' lang='lat' dir='ltr'><strong>viginti</strong></span> <span class='ocrx_word' id='word_1_144' title='bbox 1365 3055 1526 3151; x_wconf 81' lang='lat' dir='ltr'><strong>qualuor</strong></span> <span class='ocrx_word' id='word_1_145' title='bbox 1546 3069 1661 3128; x_wconf 89' lang='lat' dir='ltr'><strong>urnas</strong></span> <span class='ocrx_word' id='word_1_146' title='bbox 1675 3039 1861 3126; x_wconf 78' lang='lat' dir='ltr'><strong>solubiles</strong></span> <span class='ocrx_word' id='word_1_147' title='bbox 1881 3040 1964 3154; x_wconf 87' lang='lat' dir='ltr'><strong>(sic)</strong></span> 
     </span>
     <span class='ocr_line' id='line_1_18' title="bbox 334 3155 1963 3278; baseline 0 -36"><span class='ocrx_word' id='word_1_148' title='bbox 334 3155 452 3244; x_wconf 88' lang='lat' dir='ltr'><strong>mellis</strong></span> <span class='ocrx_word' id='word_1_149' title='bbox 471 3155 531 3245; x_wconf 90' lang='lat' dir='ltr'><strong>vel</strong></span> <span class='ocrx_word' id='word_1_150' title='bbox 552 3156 750 3244; x_wconf 84' lang='lat' dir='ltr'><strong>duodecim</strong></span> <span class='ocrx_word' id='word_1_151' title='bbox 773 3187 933 3278; x_wconf 81' lang='lat' dir='ltr'><strong>magnas</strong></span> <span class='ocrx_word' id='word_1_152' title='bbox 952 3163 986 3266; x_wconf 78' lang='lat' dir='ltr'><strong>sl</strong></span> <span class='ocrx_word' id='word_1_153' title='bbox 1006 3158 1169 3254; x_wconf 84' lang='lat' dir='ltr'><strong>nnaroasl</strong></span> <span class='ocrx_word' id='word_1_154' title='bbox 1194 3155 1345 3245; x_wconf 89' lang='lat' dir='ltr'><strong>soluere</strong></span> <span class='ocrx_word' id='word_1_155' title='bbox 1366 3157 1599 3246; x_wconf 86' lang='lat' dir='ltr'><strong>tenebuntur.</strong></span> <span class='ocrx_word' id='word_1_156' title='bbox 1650 3155 1731 3244; x_wconf 89' lang='lat' dir='ltr'><strong>Nos</strong></span> <span class='ocrx_word' id='word_1_157' title='bbox 1753 3186 1856 3260; x_wconf 89' lang='lat' dir='ltr'><strong>vero,</strong></span> <span class='ocrx_word' id='word_1_158' title='bbox 1878 3187 1963 3246; x_wconf 90' lang='lat' dir='ltr'><strong>curn</strong></span> 
     </span>
     <span class='ocr_line' id='line_1_19' title="bbox 334 3271 1966 3394; baseline -0.003 -30"><span class='ocrx_word' id='word_1_159' title='bbox 334 3303 464 3364; x_wconf 87' lang='lat' dir='ltr'><strong>sumus</strong></span> <span class='ocrx_word' id='word_1_160' title='bbox 484 3273 655 3362; x_wconf 91' lang='lat' dir='ltr'><strong>omnibus</strong></span> <span class='ocrx_word' id='word_1_161' title='bbox 674 3273 723 3360; x_wconf 91' lang='lat' dir='ltr'><strong>ad</strong></span> <span class='ocrx_word' id='word_1_162' title='bbox 745 3305 928 3362; x_wconf 91' lang='lat' dir='ltr'><strong>summum</strong></span> <span class='ocrx_word' id='word_1_163' title='bbox 948 3271 1256 3364; x_wconf 81' lang='lat' dir='ltr'><strong>benefaciendum</strong></span> <span class='ocrx_word' id='word_1_164' title='bbox 1277 3272 1479 3380; x_wconf 84' lang='lat' dir='ltr'><strong>debitores,</strong></span> <span class='ocrx_word' id='word_1_165' title='bbox 1509 3277 1632 3394; x_wconf 90' lang='lat' dir='ltr'><strong>potius</strong></span> <span class='ocrx_word' id='word_1_166' title='bbox 1655 3289 1777 3362; x_wconf 87' lang='lat' dir='ltr'><strong>tamon</strong></span> <span class='ocrx_word' id='word_1_167' title='bbox 1800 3275 1880 3380; x_wconf 87' lang='lat' dir='ltr'><strong>illis,</strong></span> <span class='ocrx_word' id='word_1_168' title='bbox 1902 3274 1966 3384; x_wconf 89' lang='lat' dir='ltr'><strong>qui</strong></span> 
     </span>
     <span class='ocr_line' id='line_1_20' title="bbox 334 3389 1963 3512; baseline -0.001 -34"><span class='ocrx_word' id='word_1_169' title='bbox 334 3389 444 3480; x_wconf 88' lang='lat' dir='ltr'><strong>nobis</strong></span> <span class='ocrx_word' id='word_1_170' title='bbox 459 3405 631 3480; x_wconf 88' lang='lat' dir='ltr'><strong>tenentur</strong></span> <span class='ocrx_word' id='word_1_171' title='bbox 646 3391 850 3497; x_wconf 86' lang='lat' dir='ltr'><strong>desereire,</strong></span> <span class='ocrx_word' id='word_1_172' title='bbox 871 3392 979 3480; x_wconf 85' lang='lat' dir='ltr'><strong>dictis</strong></span> <span class='ocrx_word' id='word_1_173' title='bbox 1000 3390 1316 3480; x_wconf 82' lang='lat' dir='ltr'><strong>mollificatoribus</strong></span> <span class='ocrx_word' id='word_1_174' title='bbox 1336 3393 1486 3494; x_wconf 88' lang='lat' dir='ltr'><strong>nostris,</strong></span> <span class='ocrx_word' id='word_1_175' title='bbox 1507 3395 1637 3512; x_wconf 79' lang='lat' dir='ltr'><strong>gracia</strong></span> <span class='ocrx_word' id='word_1_176' title='bbox 1660 3407 1788 3480; x_wconf 87' lang='lat' dir='ltr'><strong>nostra</strong></span> <span class='ocrx_word' id='word_1_177' title='bbox 1810 3423 1857 3478; x_wconf 86' lang='lat' dir='ltr'><strong>en</strong></span> <span class='ocrx_word' id='word_1_178' title='bbox 1878 3421 1963 3508; x_wconf 88' lang='lat' dir='ltr'><strong>spe·</strong></span> 
     </span>
     <span class='ocr_line' id='line_1_21' title="bbox 334 3507 1961 3622; baseline -0.001 -26"><span class='ocrx_word' id='word_1_179' title='bbox 334 3509 428 3616; x_wconf 87' lang='lat' dir='ltr'><strong>ciali,</strong></span> <span class='ocrx_word' id='word_1_180' title='bbox 449 3507 660 3598; x_wconf 81' lang='lat' dir='ltr'><strong>addidimus</strong></span> <span class='ocrx_word' id='word_1_181' title='bbox 677 3512 851 3597; x_wconf 87' lang='lat' dir='ltr'><strong>utilitates</strong></span> <span class='ocrx_word' id='word_1_182' title='bbox 867 3540 1009 3613; x_wconf 90' lang='lat' dir='ltr'><strong>omnes,</strong></span> <span class='ocrx_word' id='word_1_183' title='bbox 1031 3537 1104 3622; x_wconf 90' lang='lat' dir='ltr'><strong>que</strong></span> <span class='ocrx_word' id='word_1_184' title='bbox 1124 3512 1160 3597; x_wconf 93' lang='lat' dir='ltr'><strong>in</strong></span> <span class='ocrx_word' id='word_1_185' title='bbox 1176 3507 1408 3620; x_wconf 56' lang='lat' dir='ltr'><strong>districtor)</strong></span> <span class='ocrx_word' id='word_1_186' title='bbox 1430 3509 1514 3596; x_wconf 91' lang='lat' dir='ltr'><strong>ville</strong></span> <span class='ocrx_word' id='word_1_187' title='bbox 1535 3521 1739 3596; x_wconf 86' lang='lat' dir='ltr'><strong>memorate</strong></span> <span class='ocrx_word' id='word_1_188' title='bbox 1755 3509 1961 3597; x_wconf 87' lang='lat' dir='ltr'><strong>seeundum</strong></span> 
     </span>
     <span class='ocr_line' id='line_1_22' title="bbox 333 3625 1963 3743; baseline -0.001 -29"><span class='ocrx_word' id='word_1_189' title='bbox 333 3627 571 3716; x_wconf 87' lang='lat' dir='ltr'><strong>terminorum</strong></span> <span class='ocrx_word' id='word_1_190' title='bbox 593 3628 846 3716; x_wconf 81' lang='lat' dir='ltr'><strong>extensionem</strong></span> <span class='ocrx_word' id='word_1_191' title='bbox 869 3625 1113 3715; x_wconf 89' lang='lat' dir='ltr'><strong>dinoscuntur</strong></span> <span class='ocrx_word' id='word_1_192' title='bbox 1132 3627 1316 3743; x_wconf 87' lang='lat' dir='ltr'><strong>pertinere</strong></span> <span class='ocrx_word' id='word_1_193' title='bbox 1338 3629 1374 3714; x_wconf 91' lang='lat' dir='ltr'><strong>in</strong></span> <span class='ocrx_word' id='word_1_194' title='bbox 1390 3627 1510 3742; x_wconf 88' lang='lat' dir='ltr'><strong>aquis,</strong></span> <span class='ocrx_word' id='word_1_195' title='bbox 1531 3629 1645 3731; x_wconf 88' lang='lat' dir='ltr'><strong>siluis,</strong></span> <span class='ocrx_word' id='word_1_196' title='bbox 1666 3627 1818 3723; x_wconf 85' lang='lat' dir='ltr'><strong>rubetis,</strong></span> <span class='ocrx_word' id='word_1_197' title='bbox 1840 3625 1963 3743; x_wconf 78' lang='lat' dir='ltr'><strong>lignis,</strong></span> 
     </span>
     <span class='ocr_line' id='line_1_23' title="bbox 333 3743 1964 3862; baseline -0.002 -31"><span class='ocrx_word' id='word_1_198' title='bbox 333 3744 503 3862; x_wconf 88' lang='lat' dir='ltr'><strong>pascuis,</strong></span> <span class='ocrx_word' id='word_1_199' title='bbox 535 3745 650 3861; x_wconf 89' lang='lat' dir='ltr'><strong>pratis</strong></span> <span class='ocrx_word' id='word_1_200' title='bbox 681 3759 718 3832; x_wconf 88' lang='lat' dir='ltr'><strong>ct</strong></span> <span class='ocrx_word' id='word_1_201' title='bbox 737 3745 819 3832; x_wconf 87' lang='lat' dir='ltr'><strong>aliis</strong></span> <span class='ocrx_word' id='word_1_202' title='bbox 840 3745 1124 3858; x_wconf 80' lang='lat' dir='ltr'><strong>quibuscunque</strong></span> <span class='ocrx_word' id='word_1_203' title='bbox 1145 3743 1353 3830; x_wconf 87' lang='lat' dir='ltr'><strong>nominibus</strong></span> <span class='ocrx_word' id='word_1_204' title='bbox 1374 3761 1617 3850; x_wconf 80' lang='lat' dir='ltr'><strong>censeantur3</strong></span> <span class='ocrx_word' id='word_1_205' title='bbox 1649 3758 1687 3829; x_wconf 92' lang='lat' dir='ltr'><strong>ut</strong></span> <span class='ocrx_word' id='word_1_206' title='bbox 1708 3774 1754 3829; x_wconf 89' lang='lat' dir='ltr'><strong>eo</strong></span> <span class='ocrx_word' id='word_1_207' title='bbox 1775 3745 1904 3830; x_wconf 89' lang='lat' dir='ltr'><strong>lortius</strong></span> <span class='ocrx_word' id='word_1_208' title='bbox 1925 3757 1964 3830; x_wconf 87' lang='lat' dir='ltr'><strong>et</strong></span> 
     </span>
     <span class='ocr_line' id='line_1_24' title="bbox 333 3860 1960 3950; baseline -0.004 -2"><span class='ocrx_word' id='word_1_209' title='bbox 333 3861 464 3950; x_wconf 89' lang='lat' dir='ltr'><strong>melius</strong></span> <span class='ocrx_word' id='word_1_210' title='bbox 493 3861 656 3948; x_wconf 89' lang='lat' dir='ltr'><strong>debeant</strong></span> <span class='ocrx_word' id='word_1_211' title='bbox 681 3893 750 3950; x_wconf 89' lang='lat' dir='ltr'><strong>sua</strong></span> <span class='ocrx_word' id='word_1_212' title='bbox 780 3864 940 3950; x_wconf 88' lang='lat' dir='ltr'><strong>seruicia</strong></span> <span class='ocrx_word' id='word_1_213' title='bbox 968 3875 1098 3950; x_wconf 91' lang='lat' dir='ltr'><strong>nostro</strong></span> <span class='ocrx_word' id='word_1_214' title='bbox 1129 3860 1292 3948; x_wconf 92' lang='lat' dir='ltr'><strong>dominio</strong></span> <span class='ocrx_word' id='word_1_215' title='bbox 1323 3861 1511 3948; x_wconf 82' lang='lat' dir='ltr'><strong>exhibere.</strong></span> <span class='ocrx_word' id='word_1_216' title='bbox 1564 3861 1614 3948; x_wconf 91' lang='lat' dir='ltr'><strong>Ut</strong></span> <span class='ocrx_word' id='word_1_217' title='bbox 1641 3876 1763 3946; x_wconf 82' lang='lat' dir='ltr'><strong>aulem</strong></span> <span class='ocrx_word' id='word_1_218' title='bbox 1793 3874 1960 3946; x_wconf 84' lang='lat' dir='ltr'><strong>nostram</strong></span> 
     </span>
     <span class='ocr_line' id='line_1_25' title="bbox 333 3977 1959 4098; baseline -0.005 -31"><span class='ocrx_word' id='word_1_219' title='bbox 333 3977 612 4067; x_wconf 88' lang='lat' dir='ltr'><strong>ordinacionem</strong></span> <span class='ocrx_word' id='word_1_220' title='bbox 644 3979 766 4066; x_wconf 88' lang='lat' dir='ltr'><strong>nullus</strong></span> <span class='ocrx_word' id='word_1_221' title='bbox 798 4009 1003 4098; x_wconf 87' lang='lat' dir='ltr'><strong>processus</strong></span> <span class='ocrx_word' id='word_1_222' title='bbox 1032 3979 1211 4096; x_wconf 90' lang='lat' dir='ltr'><strong>temporis</strong></span> <span class='ocrx_word' id='word_1_223' title='bbox 1231 3977 1370 4064; x_wconf 84' lang='lat' dir='ltr'><strong>audeat</strong></span> <span class='ocrx_word' id='word_1_224' title='bbox 1391 3991 1621 4096; x_wconf 84' lang='lat' dir='ltr'><strong>permutare,</strong></span> <span class='ocrx_word' id='word_1_225' title='bbox 1652 3991 1866 4092; x_wconf 87' lang='lat' dir='ltr'><strong>presentem</strong></span> <span class='ocrx_word' id='word_1_226' title='bbox 1892 4005 1959 4092; x_wconf 86' lang='lat' dir='ltr'><strong>pe·</strong></span> 
     </span>
    </p>
   </div>
   <div class='ocr_carea' id='block_1_7' title="bbox 191 4091 1963 4218">
    <p class='ocr_par' dir='ltr' id='par_1_7' title="bbox 191 4091 1963 4218">
     <span class='ocr_line' id='line_1_26' title="bbox 191 4091 1963 4218; baseline -0.003 -34"><span class='ocrx_word' id='word_1_227' title='bbox 191 4155 198 4164; x_wconf 90' lang='lat'><em>·</em></span> <span class='ocrx_word' id='word_1_228' title='bbox 293 4155 298 4165; x_wconf 89' lang='lat'>·</span> <span class='ocrx_word' id='word_1_229' title='bbox 331 4099 459 4214; x_wconf 80' lang='lat' dir='ltr'><strong>girum</strong></span> <span class='ocrx_word' id='word_1_230' title='bbox 482 4095 668 4183; x_wconf 86' lang='lat' dir='ltr'><strong>conscribi</strong></span> <span class='ocrx_word' id='word_1_231' title='bbox 689 4097 843 4214; x_wconf 86' lang='lat' dir='ltr'><strong>lecimus</strong></span> <span class='ocrx_word' id='word_1_232' title='bbox 867 4110 904 4184; x_wconf 87' lang='lat' dir='ltr'><strong>et</strong></span> <span class='ocrx_word' id='word_1_233' title='bbox 924 4111 1138 4184; x_wconf 86' lang='lat' dir='ltr'><strong>nostrorum</strong></span> <span class='ocrx_word' id='word_1_234' title='bbox 1158 4095 1365 4218; x_wconf 75' lang='lat' dir='ltr'><strong>sigillorum</strong></span> <span class='ocrx_word' id='word_1_235' title='bbox 1387 4097 1584 4180; x_wconf 88' lang='lat' dir='ltr'><strong>munimine</strong></span> <span class='ocrx_word' id='word_1_236' title='bbox 1605 4093 1787 4180; x_wconf 84' lang='lat' dir='ltr'><strong>roborari.</strong></span> <span class='ocrx_word' id='word_1_237' title='bbox 1838 4091 1963 4178; x_wconf 87' lang='lat' dir='ltr'><strong>Huius</strong></span> 
     </span>
    </p>
   </div>
   <div class='ocr_carea' id='block_1_8' title="bbox 330 4337 1959 4932">
    <p class='ocr_par' dir='ltr' id='par_1_8' title="bbox 332 4337 1956 4515">
     <span class='ocr_line' id='line_1_27' title="bbox 432 4337 1956 4430; baseline -0.001 -20"><span class='ocrx_word' id='word_1_238' title='bbox 432 4345 471 4429; x_wconf 85' lang='lat'><strong>(¹)</strong></span> <span class='ocrx_word' id='word_1_239' title='bbox 498 4345 526 4410; x_wconf 86' lang='lat' dir='ltr'><strong>E</strong></span> <span class='ocrx_word' id='word_1_240' title='bbox 547 4343 774 4410; x_wconf 79' lang='lat' dir='ltr'><strong>confirmatione</strong></span> <span class='ocrx_word' id='word_1_241' title='bbox 798 4343 890 4425; x_wconf 81' lang='lat' dir='ltr'><strong>Regis</strong></span> <span class='ocrx_word' id='word_1_242' title='bbox 914 4343 1076 4410; x_wconf 79' lang='lat' dir='ltr'><strong>Alexandri</strong></span> <span class='ocrx_word' id='word_1_243' title='bbox 1102 4342 1172 4408; x_wconf 86' lang='lat' dir='ltr'><strong>anni</strong></span> <span class='ocrx_word' id='word_1_244' title='bbox 1196 4345 1295 4418; x_wconf 75' lang='grc'><strong>1504,</strong></span> <span class='ocrx_word' id='word_1_245' title='bbox 1323 4363 1402 4430; x_wconf 88' lang='lat' dir='ltr'><strong>quae</strong></span> <span class='ocrx_word' id='word_1_246' title='bbox 1423 4341 1559 4408; x_wconf 78' lang='lat' dir='ltr'><strong>ridentur</strong></span> <span class='ocrx_word' id='word_1_247' title='bbox 1579 4361 1636 4408; x_wconf 89' lang='lat' dir='ltr'><strong>suo</strong></span> <span class='ocrx_word' id='word_1_248' title='bbox 1657 4340 1738 4420; x_wconf 90' lang='lat' dir='ltr'><strong>loco,</strong></span> <span class='ocrx_word' id='word_1_249' title='bbox 1766 4337 1842 4406; x_wconf 90' lang='lat' dir='ltr'><strong>libro</strong></span> <span class='ocrx_word' id='word_1_250' title='bbox 1864 4361 1956 4408; x_wconf 90' lang='lat' dir='ltr'><strong>manu</strong></span> 
     </span>
     <span class='ocr_line' id='line_1_28' title="bbox 332 4426 1222 4515; baseline -0.002 -21"><span class='ocrx_word' id='word_1_251' title='bbox 332 4429 441 4515; x_wconf 86' lang='lat' dir='ltr'><strong>scripto</strong></span> <span class='ocrx_word' id='word_1_252' title='bbox 455 4427 581 4492; x_wconf 79' lang='lat' dir='ltr'><strong>Matrica</strong></span> <span class='ocrx_word' id='word_1_253' title='bbox 595 4427 692 4512; x_wconf 76' lang='lat' dir='ltr'><strong>Regni</strong></span> <span class='ocrx_word' id='word_1_254' title='bbox 708 4427 787 4492; x_wconf 87' lang='lat' dir='ltr'><strong>dicto</strong></span> <span class='ocrx_word' id='word_1_255' title='bbox 799 4427 853 4492; x_wconf 69' lang='grc' dir='ltr'><strong>ΙΨο</strong></span> <span class='ocrx_word' id='word_1_256' title='bbox 867 4427 938 4492; x_wconf 77' lang='lat' dir='ltr'><strong>XX.</strong></span> <span class='ocrx_word' id='word_1_257' title='bbox 952 4447 981 4512; x_wconf 84' lang='lat' dir='ltr'><strong>p</strong></span> <span class='ocrx_word' id='word_1_258' title='bbox 994 4426 1058 4492; x_wconf 72' lang='lat'><strong>268</strong></span> <span class='ocrx_word' id='word_1_259' title='bbox 1073 4433 1222 4492; x_wconf 76' lang='lat' dir='ltr'><strong>contenta</strong></span> 
     </span>
    </p>

    <p class='ocr_par' dir='ltr' id='par_1_9' title="bbox 330 4507 1959 4847">
     <span class='ocr_line' id='line_1_29' title="bbox 433 4507 1958 4607; baseline -0.001 -31"><span class='ocrx_word' id='word_1_260' title='bbox 433 4511 472 4595; x_wconf 80' lang='lat'><strong>(²)</strong></span> <span class='ocrx_word' id='word_1_261' title='bbox 502 4511 607 4576; x_wconf 79' lang='lat' dir='ltr'><strong>Plures</strong></span> <span class='ocrx_word' id='word_1_262' title='bbox 629 4519 701 4576; x_wconf 78' lang='lat' dir='ltr'><strong>mut</strong></span> <span class='ocrx_word' id='word_1_263' title='bbox 722 4509 806 4576; x_wconf 84' lang='lat' dir='ltr'><strong>villae</strong></span> <span class='ocrx_word' id='word_1_264' title='bbox 828 4509 893 4607; x_wconf 68' lang='lat' dir='ltr'><strong>ejus</strong></span> <span class='ocrx_word' id='word_1_265' title='bbox 910 4510 1058 4587; x_wconf 87' lang='lat' dir='ltr'><strong>nominis,</strong></span> <span class='ocrx_word' id='word_1_266' title='bbox 1078 4511 1128 4578; x_wconf 89' lang='lat' dir='ltr'><strong>bio</strong></span> <span class='ocrx_word' id='word_1_267' title='bbox 1138 4516 1240 4576; x_wconf 65' lang='lat' dir='ltr'><strong>umen</strong></span> <span class='ocrx_word' id='word_1_268' title='bbox 1256 4511 1357 4596; x_wconf 78' lang='lat' dir='ltr'><strong>promul</strong></span> <span class='ocrx_word' id='word_1_269' title='bbox 1373 4507 1464 4576; x_wconf 89' lang='lat' dir='ltr'><strong>dubio</strong></span> <span class='ocrx_word' id='word_1_270' title='bbox 1478 4507 1670 4594; x_wconf 74' lang='lat' dir='ltr'><strong>intelligendo</strong></span> <span class='ocrx_word' id='word_1_271' title='bbox 1685 4515 1731 4576; x_wconf 83' lang='lat' dir='ltr'><strong>est</strong></span> <span class='ocrx_word' id='word_1_272' title='bbox 1745 4527 1806 4574; x_wconf 87' lang='lat' dir='ltr'><strong>uua</strong></span> <span class='ocrx_word' id='word_1_273' title='bbox 1821 4507 1958 4574; x_wconf 79' lang='lat' dir='ltr'><strong>villarum</strong></span> 
     </span>
     <span class='ocr_line' id='line_1_30' title="bbox 331 4591 1959 4681; baseline -0.001 -21"><span class='ocrx_word' id='word_1_274' title='bbox 331 4594 526 4681; x_wconf 69' lang='lat' dir='ltr'><strong>Boetcdeiep&#39;e</strong></span> <span class='ocrx_word' id='word_1_275' title='bbox 546 4595 693 4662; x_wconf 83' lang='lat' dir='ltr'><strong>dictumm</strong></span> <span class='ocrx_word' id='word_1_276' title='bbox 719 4595 749 4660; x_wconf 93' lang='lat' dir='ltr'><strong>in</strong></span> <span class='ocrx_word' id='word_1_277' title='bbox 774 4594 926 4678; x_wconf 80' lang='lat' dir='ltr'><strong>provencia</strong></span> <span class='ocrx_word' id='word_1_278' title='bbox 950 4593 1139 4671; x_wconf 65' lang='lat' dir='ltr'><strong>calesiensi,</strong></span> <span class='ocrx_word' id='word_1_279' title='bbox 1164 4593 1313 4662; x_wconf 89' lang='lat' dir='ltr'><strong>territorio</strong></span> <span class='ocrx_word' id='word_1_280' title='bbox 1339 4593 1568 4669; x_wconf 81' lang='lat' dir='ltr'><strong>Petrieoriensi,</strong></span> <span class='ocrx_word' id='word_1_281' title='bbox 1593 4593 1716 4677; x_wconf 74' lang='lat' dir='ltr'><strong>regium</strong></span> <span class='ocrx_word' id='word_1_282' title='bbox 1740 4591 1959 4658; x_wconf 83' lang='lat' dir='ltr'><strong>Radomsoensi</strong></span> 
     </span>
     <span class='ocr_line' id='line_1_31' title="bbox 330 4675 1957 4763; baseline -0.001 -19"><span class='ocrx_word' id='word_1_283' title='bbox 330 4679 465 4744; x_wconf 86' lang='lat' dir='ltr'><strong>sitarum.</strong></span> <span class='ocrx_word' id='word_1_284' title='bbox 500 4679 527 4743; x_wconf 87' lang='lat' dir='ltr'>E</span> <span class='ocrx_word' id='word_1_285' title='bbox 541 4679 664 4744; x_wconf 87' lang='lat' dir='ltr'><strong>nornine</strong></span> <span class='ocrx_word' id='word_1_286' title='bbox 677 4677 767 4763; x_wconf 76' lang='lat' dir='ltr'><strong>hujus</strong></span> <span class='ocrx_word' id='word_1_287' title='bbox 781 4677 867 4744; x_wconf 90' lang='lat' dir='ltr'><strong>rilloe</strong></span> <span class='ocrx_word' id='word_1_288' title='bbox 881 4677 1029 4763; x_wconf 82' lang='lat' dir='ltr'><strong>conjicere</strong></span> <span class='ocrx_word' id='word_1_289' title='bbox 1043 4678 1125 4754; x_wconf 87' lang='lat' dir='ltr'><strong>licet,</strong></span> <span class='ocrx_word' id='word_1_290' title='bbox 1145 4697 1215 4744; x_wconf 80' lang='lat' dir='ltr'><strong>uena</strong></span> <span class='ocrx_word' id='word_1_291' title='bbox 1234 4677 1453 4746; x_wconf 81' lang='lat' dir='ltr'><strong>amellificibue</strong></span> <span class='ocrx_word' id='word_1_292' title='bbox 1473 4675 1665 4742; x_wconf 84' lang='lat' dir='ltr'><strong>inhabitatam</strong></span> <span class='ocrx_word' id='word_1_293' title='bbox 1680 4675 1788 4753; x_wconf 83' lang='lat' dir='ltr'><strong>luisse,</strong></span> <span class='ocrx_word' id='word_1_294' title='bbox 1809 4676 1957 4762; x_wconf 85' lang='lat' dir='ltr'><strong>siquidem</strong></span> 
     </span>
     <span class='ocr_line' id='line_1_32' title="bbox 332 4757 1796 4847; baseline 0 -21"><span class='ocrx_word' id='word_1_295' title='bbox 332 4763 363 4827; x_wconf 88' lang='lat' dir='ltr'><strong>iu</strong></span> <span class='ocrx_word' id='word_1_296' title='bbox 378 4761 478 4847; x_wconf 75' lang='lat' dir='ltr'><strong>lingua</strong></span> <span class='ocrx_word' id='word_1_297' title='bbox 493 4761 650 4828; x_wconf 67' lang='lat' dir='ltr'><strong>nummula</strong></span> <span class='ocrx_word' id='word_1_298' title='bbox 665 4783 723 4827; x_wconf 83' lang='lat' dir='ltr'><strong>rex</strong></span> <span class='ocrx_word' id='word_1_299' title='bbox 737 4763 817 4838; x_wconf 69' lang='lat' dir='ltr'><strong>aaa,</strong></span> <span class='ocrx_word' id='word_1_300' title='bbox 832 4762 982 4846; x_wconf 76' lang='lat' dir='ltr'><strong>signifieat</strong></span> <span class='ocrx_word' id='word_1_301' title='bbox 995 4763 1167 4840; x_wconf 75' lang='lat' dir='ltr'><strong>alvearium,</strong></span> <span class='ocrx_word' id='word_1_302' title='bbox 1182 4762 1306 4828; x_wconf 82' lang='lat' dir='ltr'><strong>rerbrrm</strong></span> <span class='ocrx_word' id='word_1_303' title='bbox 1321 4769 1421 4828; x_wconf 79' lang='lat' dir='ltr'><strong>autem</strong></span> <span class='ocrx_word' id='word_1_304' title='bbox 1435 4761 1530 4836; x_wconf 74' lang='lat' dir='ltr'><strong>uziae,</strong></span> <span class='ocrx_word' id='word_1_305' title='bbox 1545 4757 1674 4837; x_wconf 59' lang='lat' dir='ltr'><strong>&amp;iulet</strong></span> <span class='ocrx_word' id='word_1_306' title='bbox 1689 4758 1796 4826; x_wconf 83' lang='lat' dir='ltr'><strong>iacere.</strong></span> 
     </span>
    </p>

    <p class='ocr_par' dir='ltr' id='par_1_10' title="bbox 431 4845 1208 4932">
     <span class='ocr_line' id='line_1_33' title="bbox 431 4845 1208 4932; baseline -0.001 -20"><span class='ocrx_word' id='word_1_307' title='bbox 431 4845 470 4930; x_wconf 54' lang='grc' dir='ltr'><strong>(θ)</strong></span> <span class='ocrx_word' id='word_1_308' title='bbox 499 4846 566 4912; x_wconf 83' lang='lat' dir='ltr'><strong>vio.</strong></span> <span class='ocrx_word' id='word_1_309' title='bbox 582 4845 769 4932; x_wconf 80' lang='lat' dir='ltr'><strong>privilegium</strong></span> <span class='ocrx_word' id='word_1_310' title='bbox 784 4845 854 4910; x_wconf 88' lang='lat' dir='ltr'><strong>anni</strong></span> <span class='ocrx_word' id='word_1_311' title='bbox 875 4845 964 4912; x_wconf 80' lang='grc'><strong>1504.</strong></span> <span class='ocrx_word' id='word_1_312' title='bbox 1205 4859 1208 4864; x_wconf 86' lang='grc'><strong>“</strong></span> 
     </span>
    </p>
   </div>
   <div class='ocr_carea' id='block_1_9' title="bbox 0 0 2452 5926">
    <p class='ocr_par' dir='ltr' id='par_1_11' title="bbox 0 0 2452 5926">
     <span class='ocr_line' id='line_1_34' title="bbox 0 0 2452 5926; baseline 0 3"><span class='ocrx_word' id='word_1_313' title='bbox 0 0 2452 5926; x_wconf 95' lang='lat' dir='ltr'><strong> </strong></span> 
     </span>
    </p>
   </div>
  </div>
 </body>
</html>
