4878 5942
1147 707 1421 784 -cto-

470 913 618 1004 cionem
626 909 770 1030 Regno
785 923 823 999 et
837 909 990 1002 Corone
1005 909 1172 1029 ipsorum
1188 909 1368 998 inminere
1379 905 1471 1021 (sic),
1487 908 1758 1030 cupientesque
1766 910 1884 1030 ipsius
1894 911 2098 1004 incommo-

470 1031 529 1124 dis
545 1027 750 1150 prudenter
769 1028 1185 1136 occurrere,uoluntate
1205 1028 1379 1133 unanimi,
1399 1042 1547 1115 matura
1562 1026 1802 1118 consiliorum
1818 1028 2097 1121 deliberacione
2211 1071 2220 1085 ·

470 1149 676 1269 prehabito,
696 1176 774 1238 non
794 1147 933 1254 coacti,
952 1177 1026 1235 nec
1045 1144 1224 1264 conpulsi
1237 1147 1338 1258 (sic),
1370 1175 1438 1234 seu
1467 1145 1596 1266 aliquo
1613 1174 1745 1236 errore
1767 1145 1933 1256 seducti,
1953 1147 2024 1237 sed
2047 1179 2095 1242 ex

452 1281 576 1356 'certa
595 1264 777 1372 sciencia,
797 1264 1066 1385 voluntateque
1086 1265 1256 1354 ultronea
1271 1262 1328 1352 ad
1347 1262 1447 1352 hunc
1467 1263 1577 1352 linem
1597 1277 1735 1401 sponte
1769 1263 2002 1356 devenerunt
2028 1264 2095 1356 de·

469 1398 669 1492 cernentes
690 1382 946 1490 concorditer,
967 1381 1070 1504 quod
1090 1381 1242 1519 quilibet
1260 1381 1500 1472 lrmetbonunt
1522 1380 1571 1470 de
1591 1382 1686 1476 ullis
1707 1413 1838 1475 eorum
1858 1383 1909 1472 de
1929 1384 2097 1503 quolibet

469 1501 579 1592 lacco
599 1530 670 1590 seu
689 1530 825 1591 manso
845 1532 1031 1620 possesso
1053 1497 1217 1622 qumque
1237 1515 1369 1590 scotos
1389 1530 1458 1589 seu
1479 1497 1611 1600 decem
1631 1529 1796 1622 grossos
1817 1515 1966 1592 monete
1987 1499 2095 1621 polo-

468 1619 600 1710 nicalis
620 1650 690 1740 pro
724 1619 951 1709 liberacione
986 1633 1024 1710 et
1050 1618 1291 1709 redemcione
1318 1618 1440 1706 Terre
1469 1616 1718 1708 Dubrincnsis
1745 1619 1821 1708 boo
1841 1649 1942 1710 anno
1965 1635 2004 1708 et
2023 1618 2096 1708 sub

469 1737 610 1857 scripto
630 1737 681 1826 ad
701 1765 835 1827 manns
855 1739 1023 1857 ipsorum
1042 1752 1079 1826 et
1099 1766 1169 1856 per
1188 1737 1294 1855 ipsos
1321 1736 1526 1826 electorum
1546 1735 1640 1826 darc
1660 1751 1699 1826 et
1717 1736 1867 1826 soluere
1886 1735 2025 1826 debent
2042 1739 2095 1824 ir-

468 1885 617 1948 recuse.
668 1855 723 1944 lta
743 1873 886 1962 moron,
908 1853 1010 1975 quod
1030 1857 1042 1943 i
1070 1885 1114 1944 se
1135 1855 1280 1947 solucio
1299 1884 1370 1944 scu
1389 1855 1621 1970 conuibncio
1641 1885 1712 1974 per
1731 1857 1838 1974 ipsos
1857 1855 1972 1944 bbere
1991 1854 2095 1943 insti·

469 1987 549 2064 tute
568 1973 734 2092 ipsomm
755 1973 917 2090 juribus,
946 1887 1151 2092 pririlbgijs
1182 1985 1218 2061 et
1236 1971 1527 2075 inmunitatibus,
1558 1973 1856 2093 quibuscumque
1884 1971 2097 2064 nominibus

470 2092 602 2185 reneri
631 2091 809 2210 poterint,
838 2121 908 2209 per
939 2120 1010 2180 nos
1039 2103 1105 2180 eut
1129 2089 1428 2210 predecessores
1456 2101 1609 2180 nostros
1636 2091 1730 2209 ipsis
1759 2091 1956 2180 concess'n
1975 2090 2097 2180 nullus

470 2209 604 2298 inlerat
623 2211 660 2297 in
681 2224 873 2328 posterum
894 2205 1125 2328 gravedines
1147 2220 1186 2294 et
1205 2207 1391 2315 iacturas,
1412 2237 1485 2295 nec
1505 2209 1624 2296 eciam
1645 2205 2011 2297 inconsuetudinem
2032 2221 2097 2297 cut

470 2326 681 2445 exemplum
711 2357 780 2444 per
806 2355 880 2414 nos
900 2339 938 2413 et
957 2341 1135 2444 posteros
1155 2339 1310 2416 nostros
1331 2325 1427 2414 trabi
1448 2324 1582 2416 debet:
1613 2325 1681 2414 sed
1703 2324 1804 2445 quod
1825 2327 1994 2442 ipsorum
2021 2327 2097 2444 pri·

471 2444 627 2565 vilegia,
657 2444 869 2550 libertates,
894 2444 984 2561 juro
1013 2457 1052 2532 et
1080 2444 1212 2562 gracie
1242 2443 1349 2534 salve
1369 2442 1481 2546 liant,
1509 2460 1548 2532 et
1566 2443 1798 2533 inviolabiles
1817 2444 1956 2562 iugiter
1968 2473 2097 2563 perse-

472 2575 616 2654 verent.
646 2605 653 2612 ·
677 2561 790 2678 Quos
819 2563 940 2650 eciam
969 2575 1102 2649 contra
1129 2561 1326 2682 privilegia
1347 2575 1385 2650 et
1402 2559 1496 2648 lura
1516 2563 1683 2680 ipsorum
1704 2560 1755 2648 ad
1775 2561 1972 2650 ulteriores
1991 2559 2095 2648 solu·

471 2681 611 2780 cinnes,
621 2695 861 2799 preterquam
881 2677 933 2767 ad
954 2677 1360 2783 solucionemduorum
1381 2709 1606 2798 grossomm
1626 2677 1676 2768 de
1748 2677 1861 2768 olibet
1879 2677 1988 2767 laneo
2002 2679 2095 2794 pos'·

470 2827 594 2899 sesso,
615 2799 718 2884 iuxta
732 2796 1032 2917 descripcionem
1052 2798 1090 2886 iu
1109 2797 1193 2915 alijs
1239 2796 1419 2918 rivilegijs
1440 2827 1509 2915 per
1529 2827 1601 2886 nos
1622 2798 1678 2886 ois
1711 2799 1818 2902 actis,
1846 2825 1946 2884 anno
1973 2795 2095 2908 quoli-

470 2915 535 3004 bet
555 2911 777 3022 lacieodam‚
789 2944 935 3036 cogere
955 2929 993 3002 et
1011 2927 1146 3004 ardere
1162 2827 1335 3024 nolumus
1351 2915 1506 3004 racione
1520 2915 1645 3034 aliqua
1659 2945 1729 3002 seu
1744 2914 1892 3004 colore:
1912 2910 1962 3002 ad
1983 2940 2096 3032 quom

469 3034 597 3149 vtique
617 3031 849 3120 solucionem
877 3033 947 3149 ipsi
968 3062 1012 3119 se
1032 3033 1140 3121 nobis
1160 3047 1198 3119 et
1216 3035 1361 3121 nostris
1377 3030 1665 3122 successoribus
1698 3033 1814 3120 libere
1834 3032 2096 3120 submiserunt

476 3147 652 3264 Qucum
673 3149 797 3236 eciam·
813 3147 953 3238 litteras
975 3164 1014 3236 et
1032 3149 1250 3268 privilegia,
1280 3165 1355 3238 tam
1384 3179 1455 3267 per
1483 3179 1558 3236 nos
1577 3179 1689 3268 quam
1709 3147 2008 3266 predecessores
2026 3175 2097 3237 no·

471 3279 573 3359 suos
592 3267 685 3388 ipsis
706 3295 894 3355 concessa
915 3279 954 3354 et
972 3267 1009 3354 in
1030 3267 1086 3354 eis
1106 3279 1303 3375 contenta,
1332 3264 1591 3355 inviolabiliter
1618 3293 1776 3354 servare
1805 3265 1998 3370 volumus,
2026 3263 2098 3354 bo·

470 3413 596 3503 neque
616 3399 654 3484 et
672 3413 768 3503 pura
787 3381 863 3471 lide
897 3382 969 3471 sub
988 3384 1110 3473 verbo
1138 3385 1248 3502 regio
1279 3383 1526 3503 promittimus
1555 3395 1592 3470 et
1612 3381 1851 3502 presentibus
1870 3383 2099 3503 pollicemur.

470 3499 630 3607 Harum,
650 3501 785 3620 quibus
804 3501 965 3637 sigillum
988 3514 1158 3592 nostrum
1187 3501 1308 3590 maius
1333 3529 1544 3618 appensum
1564 3515 1633 3608 est,
1654 3501 1865 3590 testimonio
1885 3499 2098 3590 litterarum.

472 3617 610 3706 Actum
633 3631 672 3704 et
691 3617 816 3705 datum
837 3650 874 3706 rn
894 3624 1005 3707 Novo
1024 3625 1173 3706 cubitale
1187 3617 1283 3707 alias
1306 3621 1482 3725 Corczt'u,
1513 3619 1598 3737 ipso
1617 3617 1680 3707 die
1698 3619 1818 3707 sancti
1836 3615 1988 3707 Martini
2007 3615 2098 3737 Epi·

472 3734 602 3872 scopi,
632 3761 739 3830 cono,
754 3733 894 3824 domini
913 3731 971 3820 Μο
994 3735 1134 3824 CCCC
1151 3750 1307 3854 quarto,
1337 3764 1407 3854 per
1432 3765 1566 3824 munus
1585 3735 1720 3826 nobilis
1740 3733 1914 3825 Zuclicno
1935 3733 2097 3824 Cancel-

474 3851 557 3970 tari,
580 3863 618 3940 et
638 3848 785 3940 Nicolei
804 3847 1115 3970 vicecancellarii
1136 3851 1265 3972 Regni
1284 3854 1404 3944 nostri
1423 3851 1595 3962 Polonie,
1614 3853 1776 3942 lideliunr
1797 3852 2028 3942 dilectorum.
2071 3871 2080 3884 ’

533 4085 596 4176 nn
617 4087 845 4182 seuerum
865 4085 1004 4180 nomm
1024 4085 1172 4178 nicom
1191 4057 1321 4208 Regni
1338 4085 1500 4180 norme
1523 4087 1832 4208 vomente,
1852 4086 2019 4210 penes.
