4878 5942
1074 733 1345 808 ..335-

396 963 532 1024 versus
551 940 675 1042 Brcst,
704 963 752 1022 ao
781 934 817 1021 in
846 932 1015 1022 districtu
1035 932 1350 1039 wladislauieusi,
1379 933 1695 1055 quandocumque
1716 965 1878 1026 necesse
1906 938 2024 1046 luerit,

396 1055 477 1142 sine
499 1051 664 1172 quelibet
683 1051 897 1141 difficultate
919 1050 1041 1138 cidem
1062 1051 1214 1140 domino
1235 1053 1268 1140 F
1270 1052 1419 1140 redrico
1441 1069 1477 1140 et
1497 1055 1575 1141 suis
1597 1056 1884 1145 successoribus
1921 1056 2023 1144 exhi-

397 1169 571 1258 bebunt⁴
589 1170 770 1259 Preteren
791 1168 912 1256 incole
932 1167 1030 1256 dicte
1051 1168 1268 1260 hereditatis
1289 1173 1513 1288 Clooe’nyno
1546 1171 1646 1259 dicto
1669 1172 1820 1262 domiuo
1841 1173 2025 1264 Fredrico

398 1300 437 1377 et
455 1289 533 1376 suis
553 1287 842 1376 successoribus
872 1287 1023 1405 triginta
1044 1317 1210 1406 grossos
1227 1317 1295 1405 pra
1327 1319 1457 1393 enses,
1479 1305 1515 1376 et
1536 1321 1604 1407 per
1624 1290 1721 1378 dues
1742 1321 1939 1379 mensuras
1959 1291 2024 1380 tri-

398 1406 477 1510 tici,
508 1419 546 1493 et
564 1437 634 1524 per
654 1406 751 1492 duas
772 1404 897 1508 ordei,
930 1433 978 1490 nc
998 1435 1067 1521 per
1115 1421 1251 1493 uatuor
1271 1319 1448 1525 siliginis,
1480 1420 1517 1494 et
1574 1439 1614 1496 cr
1636 1423 1796 1528 quatuor
1816 1439 1957 1505 auena,
1989 1425 2026 1497 et

395 1551 467 1641 per
487 1536 563 1612 tres
585 1523 716 1642 pullos,
732 1525 841 1610 annis
862 1521 1020 1640 singulis
1042 1437 1194 1612 inlesto
1216 1527 1336 1610 sancti
1358 1523 1517 1630 lllartini,
1538 1439 1588 1612 de
1610 1527 1775 1645 quolibet
1795 1556 1927 1616 manso
1948 1527 2024 1616 sol-

398 1671 487 1729 uere
508 1635 741 1728 lenebuntur.
785 1639 911 1754 Quem
933 1671 1086 1727 censum
1109 1639 1190 1758 ipse
1211 1642 1417 1729 scolthetus
1440 1658 1478 1728 et
1497 1646 1554 1731 sui
1575 1646 1718 1761 posteri
1739 1643 1897 1732 lideliter
1921 1643 2025 1732 colli-

397 1774 504 1962 pcnt,
536 1757 712 1876 dictoque
725 1758 885 1845 'domino
906 1757 939 1844 F
941 1757 1089 1844 redrico
1111 1773 1149 1844 et
1169 1761 1248 1846 suis
1269 1761 1559 1848 suecessoribus
1580 1762 1812 1880 integraliter
1833 1779 2025 1886 presente·
2049 1839 2052 1844 .

425 1891 498 1963 unt.
551 1876 692 1964 Verum
725 1877 843 1962 eciam
872 1877 1027 1976 tociens,
1049 1881 1231 1993 quociens
1262 1887 1422 1964 necesse
1443 1879 1569 1985 luerit,
1601 1879 1700 1968 dicta
1721 1882 1903 1989 frumenta
1925 1878 2024 1966 idem

398 1994 520 2082 incole
542 1996 622 2080 siue
643 1993 769 2080 rustici
789 1995 953 2112 proprijs
974 1995 1241 2082 eueccionibus
1262 1997 1297 2082 in
1319 2001 1442 2100 Brest,
1465 2028 1532 2082 scu
1554 1999 1588 2083 in
1610 2005 1800 2110 antiquom
1829 2004 2024 2084 Wlodislo-

397 2117 507 2215 ur’am,
527 2126 564 2198 et
584 2143 658 2199 non
679 2110 782 2218 alibi,
813 2142 884 2228 pro
906 2111 1006 2199 dioto
1027 2111 1179 2200 domino
1200 2113 1384 2199 Fredrico
1406 2126 1442 2198 et
1464 2115 1542 2201 suis
1564 2115 1872 2222 successoribus,
1899 2115 2023 2202 dedu·
2073 2196 2079 2238 ,
2142 2109 2148 2126 '
2255 2110 2258 2122 '

398 2257 487 2316 cere
508 2243 545 2316 et
565 2261 675 2316 unum
698 2259 867 2316 mansum
890 2260 1016 2336 arare,
1048 2260 1095 2316 ac
1116 2232 1318 2318 seminibus¹
1340 2230 1428 2318 dicti
1447 2229 1481 2317 F
1483 2231 1618 2320 redrici
1646 2233 1831 2320 seminare
1861 2231 1909 2318 ad
1930 2231 2023 2350 bye-

294 2391 316 2440 ·,
398 2345 507 2432 malie
538 2361 575 2434 et
603 2348 792 2454 estiualia,
825 2379 896 2436 neo
925 2377 999 2434 non
1027 2349 1216 2462 arpicare,
1248 2364 1286 2436 et
1306 2347 1442 2436 lalcata
1463 2350 1644 2438 frumenta
1666 2350 1714 2437 de
1735 2349 1869 2438 eodem
1891 2377 2024 2438 manso

378 2463 434 2550 in
465 2493 614 2552 orreum
650 2466 767 2582 ipsius
800 2465 938 2552 domini
968 2463 1139 2550 Fredrici
1169 2479 1206 2552 et
1232 2495 1386 2552 suorum
1417 2495 1684 2554 successorum
1713 2468 1946 2574 conducere,
1977 2497 2026 2554 ao

398 2597 544 2700 pratum
566 2581 652 2670 dicti
673 2583 793 2671 mensi
829 2581 957 2686 finale,
989 2595 1027 2667 et
1046 2580 1146 2667 aliud
1168 2596 1314 2698 pratum
1336 2579 1386 2668 ad
1407 2584 1647 2700 quantitatem
1670 2585 1777 2672 unius
1792 2586 1939 2703 jugeris
1960 2585 2025 2671 ibi·

397 2697 552 2786 demin
584 2705 808 2815 Clomrbyno
840 2699 999 2804 lalcare,
1029 2713 1196 2785 rastrare
1226 2713 1263 2786 et
1284 2700 1486 2806 cumulare,
1518 2715 1554 2786 et
1575 2700 1739 2787 similiter
1759 2702 1795 2792 iu
1816 2701 2023 2817 predictum
2109 2712 2111 2716 ’

397 2844 545 2928 orreum
567 2819 784 2910 conducere
804 2821 875 2905 sint
897 2818 1056 2919 astricti,
1088 2819 1292 2904 occasione
1314 2817 1477 2937 qualibet
1496 2819 1628 2935 procul
1652 2831 1763 2905 mota.
1820 2819 2024 2906 Statuimus

398 2933 570 3053 insuper,
603 2937 705 3057 quod
736 2936 943 3025 scoltbetus
973 2937 1055 3053 ipse
1076 2963 1160 3021 cum
1182 2936 1260 3024 suis
1282 2937 1460 3055 posteris,
1491 2935 1614 3022 villani
1637 2967 1788 3056 quoque
1814 2967 1880 3024 seu
1902 2936 2025 3024 incole

397 3051 482 3139 ville
512 3054 629 3171 ipsius
656 3087 703 3142 ex
731 3055 885 3172 speciali
914 3054 1308 3173 pactopersonaliter
1336 3053 1498 3142 debeant
1527 3055 1563 3139 in
1585 3056 1668 3173 ipsa
1690 3055 1773 3140 villa
1802 3059 2027 3168 Ctomr'oyno'

396 3170 581 3280 residere;
613 3185 650 3259 et
679 3175 711 3260 si
739 3168 922 3294 quispiam
953 3174 1118 3290 ipsorum
1148 3171 1224 3260 buc
1245 3174 1530 3293 contempserit,
1561 3188 1598 3259 et
1617 3173 1704 3260 alibi
1725 3172 1901 3260 residebit
1932 3174 2023 3278 (sic),

397 3287 603 3377 scolthetus
623 3292 848 3395 seoltbecie,
875 3305 915 3379 ¹et
936 3289 1094 3385 villanus
1116 3319 1268 3398 manso,
1300 3305 1334 3377 et
1359 3289 1537 3410 quidquid
1560 3291 1659 3376 aliud
1681 3291 1730 3378 ibi
1750 3289 1935 3378 immobile
1957 3291 2024 3376 ha·

396 3402 550 3512 buerit,
569 3411 651 3526 ipso
681 3411 782 3497 lucto
811 3412 883 3498 sint
911 3411 1054 3528 priuati.
1106 3405 1298 3528 Quodque
1326 3410 1446 3495 nullus
1467 3408 1589 3495 incola
1611 3439 1678 3496 seu
1699 3409 1859 3496 villanus
1889 3406 2024 3496 ibidem
2086 3477 2091 3503 ,

397 3521 616 3644 plusquam
636 3527 902 3615 duosmansos
924 3525 1061 3615 debeat
1082 3525 1234 3632 babere,
1256 3541 1293 3613 et
1314 3527 1416 3646 quod
1438 3529 1556 3614 eciam
1579 3525 1785 3614 seoltbetus
1806 3527 1887 3644 ipse
1909 3538 1945 3613 et
1966 3526 2024 3612 sui

345 3691 349 3696 -
397 3646 538 3756 posteri
558 3646 802 3734 seoltbeciem
825 3645 996 3752 eandem,
1018 3661 1053 3732 et
1074 3644 1195 3731 incole
1218 3645 1479 3734 mansosnulli
1509 3643 1674 3732 vendere
1704 3661 1767 3732 aut
1795 3644 1966 3764 obligare
1986 3645 2023 3730 in
2091 3671 2094 3680 ’

396 3771 503 3872 parte
522 3763 583 3850 uel
605 3765 640 3850 in
662 3779 739 3852 toto
759 3780 993 3882 presumant,
1017 3765 1085 3851 nisi
1107 3765 1151 3866 ci,
1173 3795 1283 3883 quem
1305 3765 1404 3850 idem
1424 3762 1458 3850 F
1461 3761 1642 3870 redricus,
1664 3763 1802 3852 uel-sui
1819 3791 2022 3850 successo-

396 3905 471 3984 res,
501 3879 647 3969 duxerit
673 3882 952 3971 admittendum.
1003 3879 1052 3970 Et
1079 3883 1111 3968 si
1138 3883 1258 3998 ipsum
1279 3881 1501 3970 Fredricum
1531 3895 1568 3969 et
1589 3912 1681 3970 suos
1703 3909 1952 3969 successores
1974 3877 2022 3963 de
2194 3985 2199 3993 .

396 3993 481 4110 ipso
498 4000 703 4104 'seoltbetm
735 4001 794 4087 uel
815 4003 892 4090 suis
913 4001 1095 4118 posteris,
1116 4001 1255 4116 aliquid
1277 4031 1395 4119 egere
1417 4002 1476 4088 uel
1498 4001 1687 4118 querulari
1709 3999 1919 4114 contingat,
1935 3997 2023 4112 jure
2072 4097 2075 4102 Ι

393 4111 696 4232 Maydburgensi
716 4120 751 4204 in
773 4121 875 4207 curie
897 4119 983 4208 dicti
1005 4119 1142 4206 domini
1165 4119 1333 4205 Fredrioi
1356 4133 1393 4203 et
1409 4147 1562 4205 suorum
1591 4143 1855 4204 successurum
1886 4111 2022 4200 ibidem

395 4237 431 4322 in
456 4237 679 4347 Gtomtnyno
699 4245 828 4322 coram
843 4236 991 4354 judice,
1022 4265 1132 4354 quem
1154 4236 1203 4321 ad
1225 4235 1300 4322 huc
1320 4237 1506 4350 posuerit,
1537 4232 1791 4352 respondebit.
1845 4232 2021 4319 Ceterum
2094 4303 2098 4315 .

397 4383 480 4440 cum
495 4355 583 4470 jura
605 4351 930 4469 llaydburgensia
972 4383 1129 4469 prorsus
1150 4354 1222 4438 sint
1252 4353 1360 4458 nobis
1383 4353 1597 4470 incognita,
1630 4352 1753 4436 omnia
1769 4351 1874 4468 jura,
1907 4348 2022 4435 domi·
2077 4393 2090 4435 ι

397 4474 495 4558 nium
518 4472 685 4558 eiusdem
707 4471 843 4557 domini
867 4473 1033 4560 Fredrici
1056 4491 1091 4557 et
1113 4501 1266 4555 suorum
1289 4501 1554 4557 successorum
1577 4469 1853 4556 concernencia
1882 4469 1916 4553 in
1940 4497 2021 4553 ser-

397 4592 518 4707 uicijs,
550 4591 796 4708 peticionibus
817 4607 853 4676 et
874 4589 1096 4694 bonoribuS,
1118 4587 1223 4674 salua
1246 4592 1448 4707 etintegre
1471 4619 1540 4706 pro
1561 4589 1645 4704 ipso
1667 4586 1817 4675 domino
1837 4585 2021 4672 Fredrico

397 4711 550 4826 suisque
580 4707 867 4795 successoribus
897 4737 1149 4798 reseruamus.
1203 4707 1242 4792 ln
1273 4709 1379 4794 cuius
1409 4708 1463 4800 rei
1494 4707 1757 4809 testimonium,
1780 4719 1955 4791 nostrum
1985 4718 2022 4790 et

395 4828 511 4914 nostri
533 4825 681 4944 capituli
704 4825 1032 4931 wladislauiensis,
1053 4853 1101 4914 uc
1121 4825 1291 4912 Fredrici
1313 4826 1482 4912 canonici
1504 4822 1661 4942 predicti
1682 4823 1804 4944 sigilla
1836 4821 2018 4939 presenti-
