4984 5930
1116 759 1362 834 „34-

422 981 545 1054 autem
566 965 661 1068 uilla,
683 966 718 1052 io
740 962 874 1076 quibus
895 961 1216 1080 Arubiepiscopus
1237 961 1469 1050 mansionem
1486 962 1680 1050 consuevit
1695 961 1846 1068 babere,
1867 961 2050 1056 videlicet:

422 1089 578 1180 Mucii,
606 1086 698 1197 Slup
715 1075 791 1196 (²),
825 1087 977 1194 Uneyou
993 1078 1050 1194 (³)
1077 1095 1114 1168 et
1132 1078 1396 1192 Sucrouo⁴(⁴),
1428 1093 1464 1167 et
1485 1077 1570 1168 uilla
1592 1079 1641 1166 de
1670 1085 1825 1194 l'oqbor,
1852 1086 2049 1196 quocirca

422 1201 596 1290 ambitum
627 1201 788 1288 ecclesie
817 1212 874 1286 est
904 1199 1111 1305 collocata,
1141 1227 1188 1284 eo
1218 1197 1412 1317 gaudeant
1439 1198 1635 1318 priuilegio
1663 1197 1861 1304 libertatis,
1890 1202 2051 1314 quodin

422 1320 529 1438 ipsis,
558 1317 703 1431 quoad
724 1319 804 1404 iura
826 1313 992 1418 ducalia,
1020 1315 1188 1404 eiusdem
1216 1317 1288 1404 sint
1308 1315 1490 1403 libertatis
1517 1331 1554 1403 et
1574 1315 1806 1404 condicionis
1831 1316 1937 1405 liberi
1964 1349 2049 1408 cum

261 1439 271 1506 l
337 1474 347 1499 ⁶
421 1437 653 1554 ascripticiis.
703 1434 753 1522 Et
764 1445 795 1522 'a
817 1432 1244 1522 nemineiudicabuntur
1262 1448 1390 1551 preter
1414 1433 1771 1553 Arobiepiscopum,
1800 1434 1861 1520 uel
1882 1437 1962 1525 eius
1976 1439 2048 1526 tri-

420 1557 570 1644 bunum.
621 1551 672 1641 Et
690 1553 855 1642 similiter
875 1541 979 1641 ¹dioto
1003 1553 1091 1640 ville
1121 1549 1170 1639 de
1198 1559 1341 1665 uoqbor
1367 1551 1537 1639 homines
1566 1567 1693 1669 preter
1720 1551 1959 1670 episcopum,
1990 1557 2050 1645 uel
2136 1574 2158 1601 ⁴

420 1675 501 1761 eius
531 1672 734 1776 tribunum,
763 1668 916 1760 anullo
946 1669 1084 1758 debent
1105 1668 1277 1786 judicari.
1328 1668 1370 1755 ln
1391 1668 1540 1758 duobus
1569 1684 1692 1759 aulem
1723 1682 1863 1757 mutum
1885 1673 2049 1779 casibus,

419 1790 610 1880 videlicet:
653 1819 738 1876 cum
768 1787 904 1878 solutio
933 1817 978 1874 se
1007 1785 1185 1878 extendat
1219 1785 1269 1873 ad
1304 1789 1542 1907 septuaginta
1574 1817 1785 1876 marcarum
1815 1787 2049 1896 solutionem,

420 1924 458 1996 et
478 1937 561 1995 oum
583 1907 770 2025 perticarij
792 1904 900 1993 ducis
920 1906 956 1992 in
978 1905 1059 1994 eius
1079 1905 1238 1994 transitu
1259 1901 1308 1991 de
1329 1903 1471 1994 eisdem
1492 1905 1586 1993 uillis
1602 1904 1848 2026 depelluntur.
1868 1906 1945 1994 dux
1962 1937 2047 1997 eom

419 2025 718 2142 archiepiscopo,
739 2025 799 2110 uel
821 2023 900 2112 eius
921 2023 1080 2128 tribuno,
1099 2022 1282 2111 dictarum
1303 2023 1470 2110 uillarum
1492 2023 1661 2113 homines
1675 2024 1874 2141 judicabit,
1905 2042 1942 2114 et
1961 2041 2050 2116 tuno

418 2173 496 2231 non
526 2142 736 2229 citabuntur
764 2140 815 2228 ad
844 2139 978 2228 ducem
1009 2171 1080 2261 per
1104 2140 1477 2245 camerarium,'sed
1506 2170 1635 2228 eorum
1661 2157 1894 2260 cuppanem,
1928 2143 2047 2234 littora

420 2259 528 2348 ducis
557 2259 607 2346 ad
639 2290 723 2346 eum
752 2260 992 2366 transmissa;
1028 2274 1065 2348 et
1090 2259 1127 2346 in
1154 2259 1225 2347 biis
1254 2258 1406 2348 casibus
1440 2257 1516 2345 dux
1545 2290 1628 2346 oum
1661 2260 1949 2379 archiepiscopo
1979 2293 2048 2380 per

420 2378 581 2466 medium
613 2376 752 2464 diuidet
784 2376 994 2464 iudicatum.
1053 2375 1148 2462 Cum
1178 2405 1271 2466 vero
1305 2379 1400 2465 inter
1431 2377 1601 2466 homines
1635 2407 1727 2496 sepa
1758 2377 1856 2466 dicta
1884 2379 1969 2470 ville
1998 2379 2048 2468 de

418 2505 561 2610 ooplor
582 2511 619 2582 et
639 2494 794 2583 ducales
815 2496 850 2582 in
872 2491 1007 2582 iudicio
1027 2495 1133 2582 luerit
1152 2493 1345 2612 litigatum
1366 2497 1398 2582 si
1418 2510 1550 2584 contra
1571 2493 1822 2615 Episcopales
1842 2498 1922 2586 iure
1937 2499 2048 2586 luerit

418 2614 706 2704 sentenciatum:
742 2613 830 2700 Dux
859 2641 944 2700 cum
974 2613 1103 2729 episoo
1134 2642 1157 2701 ο
1193 2613 1348 2701 Cuiauie
1379 2643 1447 2732 per
1475 2615 1636 2702 medium
1667 2613 1807 2702 diuidet
1833 2615 2043 2704 iudicatum.

416 2731 507 2820 ltem
538 2731 643 2819 liberi
672 2729 842 2820 bomines
863 2732 899 2816 in
921 2730 1015 2818 villis
1035 2643 1312 2849 arobiepisoopi
1332 2747 1369 2818 et
1389 2733 1655 2843 canonicorum
1677 2761 1745 2818 seu
1765 2733 2044 2850 capellanorum

404 2851 532 3055 ipsius
553 2849 750 2953 sedentes,
780 2879 803 2936 a
825 2849 969 2936 nemine
991 2849 1250 2938 iudicabuntur
1276 2849 1345 2934 nisi
1365 2861 1506 2936 tantum
1532 2845 1693 2957 aduce;
1722 2863 1759 2936 et
1779 2851 1884 2937 simili
1906 2853 1988 2964 (sic)
2008 2853 2045 2940 in

444 2981 554 3054 ucatu
583 2965 759 3054 blazouie
790 2967 959 3052 homines
984 2965 1090 3052 liberi
1119 2981 1193 3053 tum
1214 2967 1250 3052 in
1270 2965 1365 3054 villis
1394 2963 1704 3086 Episcopalibus,
1735 2993 1846 3080 quam
1868 2972 1987 3057 eciam
2008 2971 2045 3058 in

416 3086 512 3171 villis
539 3083 722 3202 degentes
752 3084 1021 3170 canonicorum
1050 3113 1118 3170 sau
1143 3083 1297 3170 aliarum
1325 3083 1589 3190 ecclesiarum,
1625 3085 1820 3203 gaudeant
1848 3087 2045 3206 priuilegio

302 3234 309 3268 =
412 3202 606 3290 libertatis.
656 3199 808 3288 Nullum
835 3199 1061 3288 conductum
1090 3199 1229 3288 ducent
1247 3201 1316 3287 nisi
1330 3201 1540 3289 militarem.
1590 3201 1652 3288 Ad
1673 3201 1809 3290 nullam
1831 3205 2045 3321 expedicio-

415 3351 501 3408 nem
531 3317 723 3406 trahentur
751 3333 988 3436 preterquam
1012 3317 1062 3404 ad
1084 3321 1333 3436 prutenicam‚
1369 3332 1458 3406 lunc
1487 3351 1571 3406 oum
1598 3319 1673 3406 dux
1700 3320 1887 3438 publicam
1916 3323 2046 3411 iecerit

416 3436 721 3556 expedicionem,
751 3434 865 3522 etad
894 3434 1149 3524 defensionem
1176 3452 1276 3524 terre
1299 3451 1431 3524 contra
1457 3438 1657 3548 quemlibet
1681 3439 1903 3527 invasorem.
1951 3438 2045 3529 ltem

415 3554 520 3642 liberi
552 3553 722 3641 bomines
758 3555 794 3639 in
822 3554 916 3642 villis
949 3553 1366 3674 Arobiepiscopalibus,
1405 3568 1443 3640 et
1474 3557 1509 3642 in
1546 3562 1711 3670 l'oybor,
1748 3571 1786 3644 et
1813 3557 1979 3644 similiter
2008 3559 2044 3645 in

304 3761 310 3787 ,
415 3672 651 3759 blazouiensi
672 3673 910 3788 episcopatu,
939 3672 1160 3788 ascripticiis
1180 3673 1366 3791 permixti,
1398 3671 1588 3785 usquead
1610 3688 1685 3761 tres
1705 3673 1882 3783 familias,
1910 3675 2043 3762 eadem

414 3815 488 3902 qua
521 3803 558 3876 et
577 3789 779 3907 ascripticii
810 3789 980 3876 libertate
1009 3790 1186 3876 fruantur.
1235 3789 1326 3878 ltem
1358 3789 1443 3878 ville
1473 3791 1718 3904 ecclesiarum
1748 3792 1975 3882 laloonarios
2007 3810 2045 3880 et

414 3909 583 3996 falcones
609 3937 685 3996 non
713 3907 911 4024 recipient,
941 3931 1062 4018 neque
1082 3921 1252 4026 pascent.
1305 3905 1546 3996 Castorarios
1567 3911 1759 4027 capientes
1780 3925 1952 3997 castores
1973 3909 2043 3997 du-

415 4024 499 4114 oenl
530 4041 568 4113 et
595 4025 862 4144 procurabunt.
913 4025 1096 4112 Preterea
1123 4039 1326 4112 uenatores
1358 4053 1555 4113 ceruorum
1588 4042 1625 4114 et
1652 4025 1807 4114 aliarum
1838 4022 2041 4116 bestiarum

414 4147 450 4230 in
470 4145 564 4229 villis
585 4143 840 4248 ecclesiarum,
870 4142 979 4232 nichil
1002 4173 1071 4260 per
1090 4145 1163 4229 uim
1185 4142 1469 4255 extorquebunt,
1491 4146 1559 4231 nisi
1580 4147 1636 4233 eis
1656 4142 1795 4258 aliquid
1816 4175 1885 4264 per
1904 4146 2041 4233 bonam

414 4262 641 4348 voluntatem
670 4262 898 4351 exhibeatur.
949 4261 999 4349 Et
1019 4261 1091 4349 bec
1111 4263 1235 4350 omnia
1257 4261 1570 4381 contemplatione
1598 4263 1728 4350 salutis
1756 4277 1903 4370 eterne,
1935 4279 1971 4350 e‘t
1992 4263 2042 4352 ob
2076 4259 2094 4288 ⁵

515 4543 555 4630 (ἲ)
585 4545 640 4610 Est
652 4543 720 4610 uilla
736 4541 815 4643 Slap
829 4547 860 4612 in
874 4545 1025 4632 provincia
1039 4545 1203 4622 Masurius,
1227 4547 1348 4631 regione
1362 4568 1434 4613 vero
1448 4545 1623 4612 Gostinensi
1637 4547 1700 4612 sita.
1734 4551 1877 4613 Attamen
1893 4547 2046 4613 incertunf

413 4637 467 4706 ast,
486 4650 525 4696 an
539 4627 613 4694 baec
627 4629 696 4696 uilla
711 4629 802 4695 intelli
824 4639 900 4707 atur,
921 4631 1023 4716 plures
1038 4630 1118 4696 euim
1133 4638 1205 4696 suut
1218 4629 1352 4714 ejusdcm
1366 4629 1497 4696 nominis
1512 4629 1606 4696 uillae.
1640 4629 1765 4696 Bmolca
1779 4639 1880 4718 postem
1896 4631 2039 4719 oppidum

412 4714 553 4781 territorii
568 4721 599 4778 et
612 4715 743 4798 regionis
758 4711 815 4780 Soc
837 4714 1026 4780 aczaviensia

513 4799 538 4882 (³
586 4797 716 4884 Uniq'deo
770 4805 833 4864 stea
847 4797 989 4886 oppidum
1004 4799 1146 4864 territorii
1161 4798 1357 4867 Calissicnsis.

513 4885 538 4968 (⁴
581 4883 696 4950 Forsan
739 4905 869 4969 wormoy
883 4882 948 4949 ville
964 4883 994 4948 in
1010 4883 1172 4969 palatinatu
1188 4881 1497 4962 Plouensi,territorio
1511 4903 1582 4948 reru
1596 4881 1738 4970 Lipnenai
1753 4881 1817 4948 sita.
