4878 5942
1060 725 1233 804 -207
1291 723 1333 780 '-

364 931 479 1034 boote
499 926 621 1019 Morio
649 927 805 1046 virginis
826 925 1016 1046 gloriose,
1049 925 1379 1031 recumbemus,
1409 939 1496 1014 octo
1517 938 1649 1016 scotos
1670 941 1821 1017 monete
1849 929 2003 1038 cunulis,

364 1061 402 1136 et
426 1045 671 1164 duos'pullus
693 1061 730 1132 et
750 1044 934 1132 decimam
954 1043 991 1130 in
1012 1073 1148 1159 cumpo
1170 1043 1441 1161 manipulatim,
1465 1044 1554 1160 jure
1574 1061 1757 1162 perpetuu
1779 1047 1872 1136 dore
1902 1064 2005 1146 terre·
2096 1144 2098 1152 ,

368 1163 521 1254 buntur.
586 1163 710 1277 Quem
732 1188 887 1250 censum
909 1162 991 1277 ipse
1012 1161 1195 1250 scultetus
1216 1175 1254 1248 et
1273 1163 1330 1250 sui
1351 1163 1494 1278 posteri
1513 1161 1667 1281 exigent
1687 1179 1723 1250 et
1742 1165 1940 1282 colligent,
1967 1180 2008 1264 et

366 1283 477 1371 nobis
505 1311 555 1370 oc
584 1283 724 1368 nostris
754 1278 1045 1368 successoribus
1075 1278 1305 1398 integraliter
1330 1278 1612 1396 presentebunt.
1673 1282 1863 1371 ludicnbit
1883 1299 2006 1380 numm

363 1399 547 1490 scultetus
564 1414 693 1488 noster
709 1397 899 1516 predictus
916 1411 953 1486 et
969 1398 1109 1514 posteri
1123 1397 1241 1514 ipsius
1254 1425 1386 1486 omnes
1402 1425 1542 1486 causas
1559 1401 1763 1514 penas(sic)
1776 1416 1815 1488 et
1831 1430 2004 1520 magnos,

363 1516 491 1614 ciuiles
523 1533 560 1606 et
587 1516 816 1620 criminales,
830 1516 928 1632 ‚jure
959 1513 1472 1634 predictumeydburgensi,
1505 1517 1599 1604 inira
1629 1520 1806 1606 terminus
1835 1517 2004 1635 predicte

363 1635 581 1726 hereditatis
601 1649 729 1722 nostre
743 1635 1027 1752 contingentes,
1060 1646 1238 1750 presente
1259 1649 1389 1723 nostru
1410 1635 1547 1724 nuncio
1568 1635 1738 1753 generali
1756 1634 1815 1721 uel
1836 1636 2003 1752 speciali.

364 1753 422 1842 De
442 1753 614 1844 iudicetis
644 1781 748 1842 vero.
768 1766 807 1840 ct
827 1751 875 1838 de
898 1751 1096 1856 tbubernc,
1129 1781 1200 1840 nus
1221 1765 1260 1836 et
1279 1752 1667 1870 nostriflsucccssures
1692 1753 1791 1842 duos
1813 1753 2004 1864 denarios,

364 1885 401 1958 et
435 1872 617 1959 scultetus
647 1871 728 1958 suis
757 1900 842 1956 cum
871 1871 1037 1986 posteris
1069 1870 1222 1958 tercium
1252 1869 1443 1986 recipient
1504 1870 1563 1956 De
1593 1871 1741 1958 incultis
1763 1900 1857 1962 vero
1878 1874 2003 1990 egris,

272 2003 274 2006 ’
364 1989 551 2078 scultetus
566 1989 648 2106 ipse
670 2017 755 2074 cum
776 1989 855 2076 suis
878 1988 1011 2104 incolis
1032 2017 1055 2074 u
1077 1987 1318 2104 prestocione
1350 1987 1494 2077 decime
1522 2005 1685 2107 quotuor
1705 2019 1888 2076 annorum
1911 2017 2007 2108 guu-

363 2105 508 2208 debunt,
532 2105 745 2194 omnimoda
774 2105 955 2196 libertate.
1019 2104 1107 2218 Qun
1138 2105 1350 2222 exspirata,
1380 2105 1529 2197 soluent
1547 2107 1756 2211 decimam,
1796 2118 1909 2223 prout
1944 2102 2006 2218 (²)

364 2224 445 2340 olijs
473 2225 579 2340 egris
599 2229 644 2312 'et
674 2223 722 2310 de
749 2225 868 2313 cultis.
930 2223 1091 2340 Insuper
1121 2225 1245 2336 incole
1272 2223 1345 2338 ipsi
1375 2254 1446 2340 pro
1468 2224 1618 2314 duobus
1640 2224 1806 2343 proudijs
1828 2221 2003 2344 colloquii

364 2343 565 2460 generalis,
585 2344 694 2430 unnis
715 2337 874 2459 singulis
893 2339 1052 2444 dende,
1074 2357 1111 2428 et
1131 2343 1202 2456 pru
1224 2369 1343 2456 porco
1365 2357 1402 2428 et
1419 2341 1599 2460 agnellis,
1630 2341 1798 2430 mercum
1831 2355 1869 2426 et
1892 2342 2006 2430 lento·

365 2458 709 2550 nentdeuuriorum
730 2472 879 2547 monete
901 2459 1042 2544 usualis
1061 2459 1100 2546 iu
1120 2459 1217 2546 lesto
1236 2458 1337 2547 beati
1359 2458 1527 2566 Martini,
1557 2459 1668 2560 pubis
1690 2475 1727 2546 et
1748 2460 1889 2546 nostris
1918 2488 2006 2549 suo·

364 2577 583 2664 cessoribus
605 2576 865 2694 assignabunt.
906 2575 1097 2662 Scultetus
1119 2603 1212 2662 vero
1234 2573 1424 2692 predictum
1445 2606 1529 2664 curn
1552 2579 1631 2662 suis
1653 2578 1815 2692 postelis
1838 2579 2005 2682 tercium,

364 2695 473 2782 unnis
490 2693 649 2813 siugulis
669 2707 802 2782 nostro
824 2694 1062 2811 procuratori
1083 2691 1143 2808 uel
1164 2693 1300 2780 nuncio
1322 2693 1477 2810 speciali
1498 2708 1719 2811 melqunrto,
1742 2695 1868 2780 locere
1898 2708 2004 2780 tene·

367 2810 514 2910 buntur,
569 2811 823 2900 Concedimus
845 2812 963 2899 eciam
984 2810 1146 2898 sculteto
1166 2809 1338 2928 predicto
1360 2825 1396 2898 et
1417 2811 1495 2903 suis
1514 2814 1680 2928 posteris
1702 2813 1737 2898 in
1759 2810 1843 2898 lecu
1870 2821 2006 2899 nostro

366 2927 502 3016 ibidem
525 2931 663 3044 piscari
684 2927 833 3016 duobus
855 2928 1116 3047 golgustribus
1139 2944 1175 3014 et
1196 2927 1346 3015 duobus
1368 2929 1507 3016 retibus
1526 2931 1673 3046 paruis,
1701 2929 1762 3046 qui
1783 2959 2000 3016 munozcrzc

367 3047 561 3164 wlgariter
581 3063 852 3165 nuncupentur.
893 3045 1027 3135 Nullus
1049 3047 1170 3134 eciam
1189 3047 1226 3132 in
1247 3045 1296 3132 ibi
1318 3045 1412 3162 plus,
1434 3075 1545 3164 quam
1567 3045 1664 3148 duos
1686 3074 1841 3131 mensos
1863 3043 2003 3132 debent

361 3165 547 3251 obtinere.
609 3165 784 3251 Ceterum
814 3163 988 3252 volumus
1017 3165 1158 3268 eciem,
1179 3161 1295 3280 ‘quod
1322 3165 1405 3278 ipse
1425 3164 1608 3250 scultetus
1630 3177 1667 3250 et
1687 3165 1744 3250 sui
1766 3162 1927 3278 posteri,
1958 3191 2007 3248 oc

367 3281 489 3370 incole
518 3281 603 3369 ville
631 3299 762 3370 nostre
788 3297 1010 3388 memorate,
1043 3281 1291 3398 personaliter
1317 3279 1455 3367 ibidem
1486 3280 1648 3368 debeant
1673 3279 1853 3368 residere.
1913 3275 2002 3366 Nou

366 3401 546 3486 lenientes
562 3399 655 3487 veru
670 3399 848 3517 idipsum,
862 3399 1055 3487 sintbonis
1072 3400 1237 3514 ipsorum
1254 3413 1328 3485 lum
1340 3396 1529 3484 mobilium
1540 3400 1748 3516 (siclquam
1767 3395 2004 3483 immobilium

367 3517 462 3627 (sic),
474 3517 609 3603 ibidem
627 3518 874 3635 optinencium
892 3517 975 3628 (sic)
996 3517 1080 3634 ipso
1097 3519 1198 3630 lucto
1215 3517 1288 3602 sint
1303 3515 1386 3628 (sic)
1409 3517 1552 3632 priuati.
1595 3516 1786 3602 Scultetus
1808 3543 1901 3601 vero
1923 3515 1996 3600 iem

372 3633 494 3721 dictus
516 3647 554 3720 et
573 3636 630 3721 sui
652 3637 794 3753 posteri
812 3634 969 3722 eandem
987 3634 1204 3722 scoltecium
1221 3630 1308 3720 nulli
1324 3633 1491 3723 vendere
1507 3664 1575 3722 seu
1593 3633 1764 3752 obligare
1781 3633 1817 3718 in
1834 3643 1924 3736 toto,
1941 3629 2002 3718 uel

369 3753 405 3838 in
423 3766 529 3868 porte
549 3753 727 3858 audeant,
748 3753 829 3843 sinu
848 3767 979 3840 nostru
1001 3767 1037 3842 et
1052 3764 1548 3860 nostrorumsucoessorum
1564 3752 1767 3843 voluntate.
1800 3749 1933 3839 Soluet
1948 3749 2001 3836 iu·

368 3897 483 3986 super
504 3869 685 3992 scultetus
707 3865 900 3988 pretuc'tus
921 3901 1004 3956 cum
1027 3867 1106 3986 suis
1128 3869 1280 3976 incoliS,
1312 3865 1447 3956 ibidem
1470 3867 1631 3957 ecclesie
1651 3869 1809 3967 rectori,
1841 3863 1891 3951 dc
1912 3895 2004 3983 quu-

368 3986 456 4076 libct
472 4017 610 4074 mensu
631 3990 668 4076 iu
683 3983 779 4076 sesto
801 3990 922 4076 sumti
941 3987 1093 4080 Martini
1113 3986 1286 4078 assoles
1301 4015 1493 4092 unisonus,
1513 3986 1685 4078 videlicet
1701 3982 1887 4074 omnen
1904 4013 2005 4072 tuen·
2032 4065 2035 4070 .

368 4131 496 4192 smero
517 4103 691 4221 siliginis,
722 4119 760 4192 et
777 4105 967 4194 dimidium
986 4133 1119 4192 suenci
1182 4103 1230 4191 Et
1246 4105 1281 4190 'si
1301 4119 1372 4191 riou
1397 4105 1459 4192 uel
1478 4118 1634 4190 nostros
1654 4129 1906 4189 successores
1928 4099 2001 4187 ud·

368 4251 504 4308 uersus
534 4220 693 4308 eundem
716 4221 935 4326 scultetum,
966 4222 1026 4308 uel
1052 4244 1149 4307 suos
1181 4250 1446 4323 successores,
1477 4219 1614 4336 aliquid
1645 4249 1764 4336 egere
1794 4217 2002 4337 contingat,

368 4339 550 4434 scultetus
585 4339 669 4456 ipse
710 4351 748 4424 et
780 4341 838 4450 sui
876 4339 1020 4454 posteri
1056 4366 1193 4424 coram.
1219 4349 1351 4431 nostro
1387 4335 1523 4450 iudicio
1558 4336 1693 4424 ibidem
1731 4339 1768 4422 in
1803 4341 2027 4440 tutotuto,-

367 4457 448 4544 iure
477 4453 777 4572 bleydburgensi
809 4456 998 4574 predicto,
1042 4453 1264 4542 tenebuntur
1297 4455 1545 4570 respondere.
1607 4449 1846 4544 Adrnittimus
1880 4453 2000 4540 eciem

370 4575 577 4694 predictum
605 4575 821 4682 scultetum,
852 4573 901 4662 de
929 4573 1061 4694 grecia
1082 4587 1212 4662 nostru
1233 4573 1408 4692 speciali,
1439 4589 1479 4662 ut
1498 4603 1593 4662 oues
1610 4587 1721 4678 sues,
1753 4571 1785 4660 si
1816 4601 1912 4691 quos
1933 4564 2002 4657 bn·-

472 4839 514 4924 (²)
542 4843 610 4907 Hoc
624 4841 690 4908 loco
704 4863 762 4910 vox
778 4844 815 4908 dc
828 4839 873 4911 rel
889 4863 929 4907 cc
943 4839 1055 4908 omisso
1070 4861 1136 4908 osse
1152 4840 1278 4908 videtur.

491 4959 579 5008 'rumne
593 4961 626 5010 11.
1797 4953 1832 5010 gg
