4984 5930
1067 679 1312 824 ..37ss

356 962 394 1034 et
416 945 596 1062 Cupauie,
616 973 717 1034 anuo
738 942 877 1032 domini
896 939 954 1031 M·
975 944 1057 1034 CC⁰
1070 939 1119 1033 L⁰
1140 947 1267 1054 tercio,
1289 947 1326 1036 in
1347 946 1513 1036 crastino
1532 957 1670 1034 octauo
1689 945 1792 1034 Petri
1816 960 1854 1034 et
1873 941 1983 1036 Pauli

356 1063 625 1180 apostolorum,
646 1061 816 1151 secunda
835 1059 1008 1152 videlicet
1026 1063 1129 1168 leria,
1150 1066 1186 1152 in
1208 1066 1455 1171 villa'nostra,
1477 1095 1551 1182 que
1574 1068 1688 1151 Clota
1704 1061 1757 1178 (²)
1779 1065 1984 1185 uulgariter

356 1179 584 1299 apellatur,
620 1179 817 1268 exhibente
851 1180 961 1268 nobis
995 1181 1200 1272 venerabili
1235 1196 1342 1300 patre
1377 1181 1579 1288 Volimiro,
1616 1181 1742 1269 diuina
1777 1183 1984 1271 vocacione

392 1297 530 1386 cclesie
545 1297 876 1386 Wlodislauiensis
892 1295 1099 1418 Episcopo,
1146 1300 1352 1434 riuilegium
1368 1300 1492 1418 sigillo
1507 1299 1624 1417 patris
1640 1301 1757 1388 nostri
1779 1298 1982 1412 C.(onradi)

356 1419 416 1536 pie
445 1415 727 1506 recordacionis
757 1415 946 1536 quondam
974 1417 1095 1506 Duois
1119 1329 1327 1506 banchrcie
1355 1419 1590 1506 roboratum:
1623 1417 1726 1536 quod
1755 1447 1779 1505 a
1807 1417 1917 1507 nobis
1945 1431 1984 1505 et

357 1533 494 1622 nostris
515 1533 803 1738 spccessoribus
823 1534 1060 1652 perhenniter
1089 1547 1127 1623 et
1146 1535 1366 1624 inconuulse
1387 1535 1558 1624 volumus
1578 1534 1791 1623 obseruari:
1822 1533 1982 1624 vidimus

355 1653 426 1740 sub
446 1653 520 1740 bac
553 1681 675 1742 orma:
1145 1679 1154 1694 ·

456 1774 566 1858 lata.
615 1769 658 1857 ln
678 1769 828 1858 nomine
848 1785 979 1858 sancte
1000 1783 1037 1858 et
1054 1767 1244 1862 indiuiduo
1265 1773 1450 1878 trinitatis,
1476 1801 1597 1860 amon.
1649 1770 1752 1887 Quia
1770 1771 1983 1891 longinqui·

356 1903 431 1977 tate
452 1887 630 2005 temporis
650 1917 744 2006 sepe
764 1887 821 1995 lit,
851 1904 889 1976 ut
911 1917 985 1976 non
1005 1903 1132 2006 pateat
1152 1889 1326 1980 condicio
1347 1891 1520 2008 originis:
1551 1890 1655 2010 quod
1679 1919 1753 1980 nos
1781 1887 1983 1978 Conradus

355 2005 416 2092 dei
437 2007 569 2127 gracia
598 2004 688 2092 Dux
715 2007 901 2095 Cracouie
922 2019 960 2092 et
979 2005 1181 2096 Lanobioie
1207 2007 1429 2130 diligencius
1449 2023 1716 2127 precauentes,
1743 2021 1869 2094 notum
1890 2006 1982 2092 laci·

354 2153 439 2210 mus
459 2123 696 2242 presentibus
717 2139 754 2212 et
773 2125 919 2214 futuris:
946 2125 1195 2214 venerabilem
1217 2141 1361 2244 patrem
1381 2140 1549 2214 nostrum
1570 2124 1767 2214 Dominum
1788 2121 1983 2236 Mliobae-

354 2241 440 2354 lem)
464 2241 738 2357 Cuyauiensem
756 2238 988 2362 Episcopum
1005 2243 1127 2330 villam
1145 2242 1335 2363 quandam
1350 2245 1459 2333 sitam
1474 2245 1512 2332 in
1527 2241 1694 2332 districtu
1709 2239 1984 2344 Lancbiciensi,

355 2388 429 2474 que
456 2364 585 2446 Sedtoe
605 2357 811 2477 uulgariter
830 2359 1057 2478 appellatur:
1087 2391 1199 2481 quam
1220 2361 1372 2480 quidem
1394 2361 1499 2450 miles
1523 2360 1713 2450 Henrious
1734 2361 1902 2462 nomine,
1932 2355 1983 2446 ob

355 2475 560 2564 remedium
596 2475 718 2561 anime
753 2506 822 2564 sue
857 2477 1031 2564 iratribus
1068 2477 1210 2564 ordinis
1274 2477 1523 2567 redicatorum
1559 2478 1607 2566 de
1641 2485 1781 2566 Ptoezk
1816 2476 1984 2566 noscitur

355 2592 578 2700 contulisse;
604 2591 653 2678 ab
675 2592 818 2680 eisdem
838 2593 1138 2712 predicatoribus
1158 2623 1229 2713 pro
1246 2509 1386 2682 leX²⁸
1999 2589 2003 2594 ¹

354 2710 565 2798 testimonio
595 2725 632 2796 et
658 2708 839 2797 baronum
868 2723 1098 2816 nostrorum,
1129 2739 1385 2828 comparasse.
1436 2710 1531 2797 Curn
1553 2727 1676 2798 autem
1709 2711 1793 2802 villa
1814 2709 1983 2828 predicta

356 2826 510 2946 speciali
540 2825 735 2947 priuilegio
766 2827 944 2916 libertatis
972 2826 1021 2914 ab
1051 2829 1356 2917 antecessoribus
1386 2829 1524 2915 nostris
1557 2827 1644 2914 olim
1665 2828 1773 2914 luerit
1792 2828 1983 2916 decorata:

356 2961 396 3034 ut
414 2944 589 3032 uidelicet
614 2944 784 3034 homines
812 2945 848 3034 in
879 2975 925 3034 ea
954 2963 1233 3036 commorantes
1254 2963 1383 3062 pouoz
1412 2961 1449 3032 et
1465 2955 1614 3057 preuod
1630 2975 1704 3034 non
1727 2942 1885 3051 ducant,
1902 2942 1984 3030 bisi
2059 2977 2067 3010 r

356 3063 403 3150 sit
422 3063 590 3168 militale,
619 3077 657 3150 et
675 3095 796 3152 noraz
816 3094 894 3153 non
913 3063 1082 3172 soluant;
1111 3065 1196 3152 item
1217 3065 1267 3152 ad
1285 3063 1554 3182 expediciones
1582 3078 1620 3152 et
1639 3074 1848 3152 castrorum
1876 3059 1983 3152 edili-

357 3181 535 3270 caciones
555 3181 609 3269 ire
629 3211 705 3270 uon
726 3195 937 3290 teneantur3
965 3211 1038 3268 neo
1058 3183 1156 3270 citati
1176 3180 1226 3269 ad
1247 3181 1481 3271 audienciam
1509 3179 1703 3268 cuiuslibet
1715 3179 1871 3298 judicis,
1901 3181 1984 3268 siue

356 3297 527 3416 palatini,
557 3299 637 3386 siue
658 3299 872 3406 castellani,
901 3313 1028 3387 astare
1049 3299 1338 3416 compellantur;
1367 3316 1403 3387 et
1423 3299 1455 3385 si
1475 3297 1666 3403 astiterint,
1690 3299 1837 3384 minime
1859 3311 1983 3386 tamen

356 3415 633 3620 reppendeant:
676 3414 772 3520 Nos,
803 3417 957 3506 easdem
977 3415 1168 3505 libertates
1188 3433 1291 3506 ratos
1311 3415 1495 3504 hebentes
1525 3431 1562 3504 et
1581 3415 1865 3522 confirmantes,
1894 3446 1983 3504 con·

1405 2597 1544 2682 mareis
1565 2598 1730 2713 argenti,
1758 2595 1829 2684 sub
1850 2605 1983 2682 nostro
2143 2617 2148 2624 ’

357 3561 402 3622 oe
431 3535 525 3622 imus
551 3547 590 3622 et
614 3535 807 3642 volumus,
837 3549 875 3623 ut
898 3533 1106 3652 jamdicta
1136 3533 1240 3641 uilla,
1270 3535 1319 3622 ab
1346 3535 1445 3622 omni
1466 3535 1701 3652 prestaoione
1727 3549 1764 3622 et
1784 3535 1983 3622 exactione
2068 3615 2072 3624 ,
2136 3613 2156 3644 ‚

355 3652 504 3768 penitus
524 3653 572 3740 sit
591 3653 774 3740 immunis.
811 3651 863 3740 Et
882 3651 931 3740 ad
952 3653 1174 3770 peticionem
1196 3653 1440 3769 prenominati
1465 3651 1583 3770 patris
1609 3653 1744 3759 nostri,
1772 3667 1847 3740 tam
1869 3681 1985 3768 super

356 3769 428 3886 hijs
455 3767 704 3876 libertatibus,
735 3799 847 3904 quam
873 3799 989 3888 super
1018 3771 1213 3887 empcione
1241 3769 1327 3858 ville
1354 3771 1483 3888 sepius
1511 3770 1718 3874 nominate,
1749 3769 1983 3887 priuilegium

356 3901 524 3976 nostrum
543 3885 669 3974 eidem.
684 3885 879 4006 Episcopo
894 3887 1165 3994 concessimus
1185 3888 1365 3976 iacientes
1380 3887 1512 4022 ipsum,
1527 3887 1638 4005 sigilli
1652 3887 1772 3973 nostri
1787 3884 1985 3972 munimine

357 4019 394 4092 et
419 4002 670 4093 adnotaoioue
696 4005 994 4122 subscriptorum
1025 4005 1191 4110 testium,
1221 4006 1459 4123 perbennrter
1482 4003 1665 4090 roborari
1714 4001 1838 4088 Huius
1857 4012 1983 4089 autem

355 4123 410 4238 rej
431 4121 480 4238 bij
502 4137 587 4210 sunt
607 4137 738 4210 testes:
770 4121 956 4210 Dominus
980 4119 1186 4210 Volimirus
1215 4121 1461 4209 cancellarius
1491 4119 1594 4205 curie
1619 4129 1759 4204 nostre.
1807 4117 1985 4234 Msoiuuy
2061 4118 2067 4126 '

356 4237 552 4326 Palatinus
583 4241 849 4326 Cracouiensis
870 4237 934 4350 (³).
985 4238 1152 4325 Cbcibor
1181 4240 1364 4356 palatinus
1396 4235 1691 4321 Lancbiciensis.
1743 4232 1984 4360 Dobeslauus

357 4359 459 4443 curie
489 4369 619 4445 nostre
641 4356 769 4476 judex.
822 4355 1066 4443 Domieianos
1096 4357 1336 4444 tesaurarius.
1386 4351 1528 4440 Lasota
1554 4352 1746 4467 pincerna.
1795 4349 1983 4441 Mrocbek

458 4620 496 4704 (²)
525 4619 644 4686 Klobio
657 4619 725 4686 uilla
738 4619 870 4704 regionis
886 4617 1080 4705 Cujnuiensis

458 4703 497 4790 (³)
524 4703 613 4771 Falso
635 4704 736 4792 itaque
759 4703 938 4771 Niesieooiuu
959 4712 990 4769 et
1009 4701 1191 4772 Nakielscius
1213 4701 1364 4769 allinnunt
1384 4702 1464 4770 hune
1484 4703 1671 4789 lllsciruyum
1693 4699 1835 4788 dignitate
1858 4699 1981 4788 palatini

353 4788 562 4858 -Crucoriensis
576 4809 657 4856 anno
675 4789 755 4856 tttt
770 4809 803 4858 se
818 4787 1006 4856 obduruisse.
