4926 5940
1087 735 1361 826 ··⁴¹.⁷··

410 933 579 1021 scultetis
600 934 834 1054 priuilegium
854 961 994 1026 =aovu1u
1016 934 1087 1022 sub
1108 936 1256 1052 punctis
1278 949 1314 1023 et
1334 932 1512 1022 clausulis
1543 935 1684 1052 antiqui
1715 937 1898 1057 privilegij
1920 937 2040 1028 doua-

411 1054 534 1138 vimus
553 1065 591 1139 et
608 1050 783 1138 dedimus
804 1053 840 1140 io
860 1051 962 1140 huno
981 1052 1150 1140 modum:
1182 1053 1239 1140 lte
1259 1051 1363 1172 quod
1392 1051 1480 1140 dicti
1501 1052 1657 1141 Scoltcti
1677 1068 1867 1142 eteorum
1900 1059 2041 1173 posteri

412 1175 493 1257 tres
511 1199 669 1257 mensos
694 1169 833 1258 lioeros
860 1199 1023 1256 eoensu
1053 1185 1090 1257 et
1110 1200 1223 1258 uuum
1244 1171 1454 1259 ortulanum
1482 1172 1518 1258 iu
1541 1171 1639 1260 dicta
1661 1173 1748 1261 villa
1766 1178 1930 1262 Sozuleo
1950 1175 2043 1264 lure

371 1397 378 1412 ·
410 1286 640 1376 hereditario
660 1301 844 1406 perpetuo
864 1286 1114 1405 possidebunt
1129 1289 1289 1406 peoiliee
1309 1302 1348 1376 et
1368 1290 1512 1410 quiete:
1533 1291 1656 1378 incole
1676 1321 1769 1380 vero
1790 1292 1874 1379 ville
1895 1292 2042 1410 prediu-

412 1419 461 1511 te‚
481 1407 639 1494 racione
660 1436 810 1510 census,
840 1419 919 1494 tres
939 1407 1108 1494 fertones
1127 1421 1278 1516 moneto
1298 1407 1547 1494 Pmtenioalis
1577 1421 1616 1495 et
1634 1411 1780 1498 numeri
1798 1409 2041 1514 Polonioelis,

293 1599 296 1604 .
411 1539 476 1610 aut
496 1524 666 1611 similiter
686 1539 764 1613 tres
783 1525 954 1634 lertones
972 1541 1122 1614 monete
1143 1541 1180 1613 et
1200 1527 1341 1612 numeri
1354 1525 1592 1644 polonioalis:
1612 1543 1650 1616 et
1668 1526 1743 1616 hoo
1764 1529 1832 1616 erit
1852 1531 1887 1615 iu
1909 1532 2042 1648 opoio-

411 1673 459 1730 ne
479 1657 626 1730 nostra:
648 1641 697 1728 de
718 1643 885 1755 quolibet
904 1673 1041 1732 menso
1059 1645 1293 1762 superiecto
1314 1643 1426 1732 Beati
1445 1643 1608 1752 Martini,
1625 1663 1663 1734 et
1678 1643 1812 1734 decem
1832 1675 1905 1734 ove
1926 1677 2042 1766 super

411 1760 507 1846 lesto
528 1760 675 1864 Pasce,
706 1791 780 1848 neo
808 1791 884 1849 nou
915 1760 1014 1850 duos
1044 1763 1311 1881 pullossuper
1339 1764 1436 1850 lesto
1465 1765 1741 1882 ossumpeionis
1766 1763 1890 1852 Beate
1919 1763 2041 1854 Mario

412 1878 568 1996 virginis
595 1879 785 1997 gloriose,
815 1881 924 1967 eoois
945 1881 1125 2000 siugulis,
1149 1880 1260 1967 uobis
1281 1896 1317 1967 et
1338 1881 1476 1968 uostris
1501 1882 1792 1970 successoribus
1812 1883 1963 1971 solvere
1984 1899 2039 1970 te-

411 1994 607 2082 uehuntur.
659 1995 890 2106 <iudicabunt
910 2027 1060 2116 quoque
1094 1997 1250 2086 Scolteti
1272 1997 1429 2118 predicti
1451 2014 1488 2086 et
1508 2000 1564 2085 sui
1584 2003 1726 2116 posteri
1748 2029 1879 2090 omnes
1900 2029 2039 2088 causas

411 2141 574 2231 magnas
604 2127 827 2232 otpertus,
859 2117 951 2202 iulra
982 2117 1162 2206 terminos
1191 2116 1358 2206 eiusdem
1382 2113 1602 2206 hereditatis
1632 2121 1915 2240 contingentes,
1945 2118 2040 2206 lure

411 2229 647 2318 Theutuaico
667 2233 963 2348 Maydburleusi,
995 2249 1172 2352 presente
1193 2249 1325 2323 nostro
1351 2237 1512 2324 nunooio
1533 2235 1704 2354 generali
1724 2240 1784 2330 vel
1806 2236 1959 2355 speciali
1989 2234 2039 2322 ad

411 2347 486 2435 lroo
507 2349 635 2435 misso.
687 2351 746 2439 [le
766 2352 937 2438 iudicetis
959 2349 1110 2463 queque
1132 2364 1170 2436 et
1190 2354 1417 2455 iuramentis,
1449 2354 1612 2439 similiter
1633 2354 1681 2440 de
1702 2357 1810 2472 penis
1831 2368 1867 2442 et
1888 2353 2039 2442 theber-

410 2467 486 2571 uis,
519 2495 590 2552 uos
611 2479 648 2551 et
669 2469 786 2553 nostri
807 2497 1057 2555 successores
1078 2467 1177 2554 duos
1198 2469 1393 2575 denarios,
1424 2470 1573 2554 scolteti
1592 2499 1686 2556 vero
1707 2473 1863 2586 predicti
1885 2489 1920 2558 et
1941 2474 2039 2589 ipso·

410 2613 492 2669 rum
516 2585 657 2700 posteri
680 2585 832 2672 tercium
853 2587 1093 2702 recipiemus3
1125 2585 1307 2688 decimam
1338 2597 1461 2672 auteur
1492 2587 1759 2703 manipularem
1781 2589 1941 2674 omnium
1963 2591 2039 2677 lru·

413 2716 622 2788 mentorum
644 2704 680 2790 iu
703 2731 860 2820 eampo,
892 2719 1052 2821 excepte
1073 2705 1219 2790 decima
1241 2702 1323 2808 lini,
1344 2733 1455 2820 quem
1477 2701 1571 2789 dare
1592 2733 1671 2792 uou
1688 2703 1842 2810 debent,
1873 2707 1981 2792 uobis
2003 2721 2040 2793 et

409 2819 550 2906 uostris
583 2822 873 2908 successoribus
902 2821 1052 2909 solvere
1082 2823 1155 2907 siut
1180 2824 1334 2908 astricti.
1386 2822 1593 2908 Statuiurus
1619 2823 1792 2939 iusuper,
1820 2819 1922 2932 quod
1951 2822 2039 2910 dicti

343 3037 346 3044 Δ
411 2938 557 3024 scolteti
578 2967 627 3024 ac
647 2969 776 3026 eorum
807 2941 948 3056 posteri
978 2955 1015 3026 et
1035 2939 1157 3027 incole
1184 2939 1270 3027 ville
1303 2939 1472 3058 predicte
1502 2953 1787 3056 procuratorem
1813 2955 1981 3028 nostrum
2002 2957 2040 3030 et

411 3068 625 3143 nostrorum
648 3085 933 3162 suceessorum,
963 3073 1020 3145 ter
1040 3059 1076 3146 iu
1098 3087 1199 3146 auno
1218 3059 1400 3176 recipiant
1420 3057 1469 3144 ad
1490 3056 1700 3144 laciendum
1723 3059 1945 3170 colloquium
1967 3089 2037 3178 ge-

410 3173 555 3260 uerele:
587 3176 647 3260 cui
668 3206 752 3262 oum
774 3206 843 3264 sue
866 3176 1038 3264 comitiva
1069 3176 1214 3264 scolteti
1242 3191 1279 3282 et
1306 3205 1436 3264 eorum
1458 3177 1598 3294 posteri
1620 3177 1732 3262 unum
1753 3173 1969 3294 prandium,
2001 3191 2039 3261 et

409 3291 536 3380 incole
557 3291 633 3379 duo
654 3292 932 3396 ministrabunt,
964 3308 1028 3380 eut
1049 3325 1118 3412 pro
1140 3293 1306 3405 quolibet
1325 3293 1485 3412 prandio
1515 3293 1909 3414 quindecim-grossos
1930 3291 2037 3412 polo-

411 3407 553 3498 nioales
584 3409 733 3504 solvere
763 3413 1001 3500 tenebuntur:
1029 3425 1203 3530 preterea
1229 3409 1464 3499 Kmethooes
1494 3411 1578 3498 ville
1607 3411 1777 3530 predicte
1806 3439 1917 3499 uuam
1940 3411 2036 3498 diem

411 3527 461 3612 ad
481 3527 661 3646 pontello,
693 3545 861 3618 etonem
892 3529 942 3618 ed
973 3531 1141 3617 estivalia
1173 3559 1305 3634 arare,
1339 3543 1376 3616 et
1411 3557 1523 3616 uuam
1553 3529 1675 3616 lenum
1712 3531 1870 3632 sulcare,
1902 3529 2038 3617 etheo

411 3643 509 3732 idem
546 3645 756 3752 cumulare,
790 3664 823 3735 et
856 3673 975 3760 usque
1003 3649 1053 3734 ed
1081 3648 1237 3736 horeum
1265 3661 1433 3737 nostrum
1465 3662 1503 3734 et
1524 3659 1738 3736 nostrorum
1772 3676 2037 3737 successorum

410 3761 628 3879 couduoere
650 3766 882 3856 tenebuntur.
934 3763 1093 3885 lnsuper
1114 3765 1357 3854 concedimus
1378 3763 1488 3852 dictis
1509 3763 1677 3855 scultetis
1699 3783 1736 3854 et
1759 3798 1886 3856 eorum
1908 3780 2038 3884 poste·

411 3875 462 3966 ris
483 3911 625 3998 pecore
660 3899 698 3972 et
726 3881 895 4002 pecudes
932 3901 1107 3988 seruere,
1146 3885 1238 3972 etin
1260 3883 1466 3972 hereditate
1493 3914 1673 4002 pascere,
1705 3885 1851 3997 absque
1872 3884 2036 4000 dampno

409 4011 541 4104 nostro
563 4015 600 4086 et
620 4001 886 4116 impedimento
907 4001 1159 4094 kmethouum.
1192 4003 1366 4090 Ceterum
1389 4003 1419 4087 si
1440 4032 1511 4088 uos
1532 4000 1592 4090 vel
1612 4015 1767 4089 nostros
1787 4029 2036 4088 successores

408 4113 597 4201 adversus
626 4119 808 4205 scultetos
839 4117 1031 4232 predictos
1059 4121 1120 4206 vel
1151 4147 1278 4204 eorum
1302 4133 1479 4236 posteros
1508 4117 1648 4228 aliquid
1680 4146 1801 4234 egere
1830 4117 2035 4237 continget,

407 4234 481 4352 ipsi
502 4259 631 4320 coram
653 4233 762 4320 uobis
781 4233 843 4320 vel
863 4247 996 4322 nostro
1017 4236 1202 4322 tenutario
1224 4265 1292 4322 seu
1309 4237 1507 4352 capitaneo
1523 4233 1908 4347 Raozeuzuensi(sio)
1921 4237 1958 4321 et
1971 4234 2035 4319 lu-

408 4352 505 4454 dios,
526 4371 636 4464 quern
657 4349 707 4440 ed
724 4348 798 4437 lroo
808 4375 991 4469 ponemus
1008 4351 1067 4438 vel
1082 4363 1199 4470 ponet
1213 4350 1348 4439 ibidem
1366 4356 1401 4438 in
1418 4351 1634 4455 hereditate,
1642 4353 1736 4439 lure
1751 4350 2034 4470 Maydburieusi

409 4468 580 4584 predicto
601 4467 904 4585 respondebuu13
935 4483 1107 4587 preterea
1138 4460 1295 4587 predicti
1315 4469 1462 4559 scolteti
1484 4483 1670 4558 eteorum
1691 4473 1834 4591 posteri
1856 4485 1892 4558 et
1912 4469 2034 4557 incole

409 4586 494 4673 ville
513 4587 730 4704 supradicte
754 4588 866 4676 uobis
885 4601 925 4676 et
944 4589 1082 4676 nostris
1116 4589 1408 4676 successoribus
1443 4589 1629 4694 honores,
1665 4589 1873 4707 peticiones
1893 4602 1932 4674 et
1951 4617 2033 4674 ser-

408 4705 504 4793 vicia
525 4705 769 4818 exhibebunt,
790 4721 903 4825 prout
923 4705 997 4794 hoo
1017 4707 1138 4826 ipsum
1167 4706 1238 4796 lus
1267 4705 1565 4823 Meydbudeuse
1585 4707 1702 4827 exigit
1721 4721 1759 4794 et
1778 4707 1940 4818 requirit
1991 4701 2032 4789 lu

407 4823 516 4910 cuius
535 4823 589 4911 rui
610 4825 859 4921 testimouium
880 4839 918 4914 et
936 4823 1168 4914 erideuoiem
1191 4823 1427 4946 pleniorem,
1460 4839 1630 4913 nostrum
1652 4841 1688 4912 et
1710 4824 1798 4912 dicti
1819 4823 1937 4911 nostri
1958 4819 2032 4906 Ca·

506 4973 596 5025 Tomoe
613 4975 646 5026 11.
1056 4982 1061 4994 '
1827 4969 1863 5028 63
