4876 5940
998 702 1274 776 -ntn-

321 905 629 998 cumsororibus
650 905 730 996 suis
749 899 966 1012 Elizabeth,
987 933 1107 992 uxore
1138 903 1357 1022 Themislay
1377 901 1528 1022 palatini
1547 901 1728 1024 predicti,
1759 919 1797 994 et
1817 905 1956 996 Dirslra
2027 885 2050 979 ν’

320 1026 448 1116 relicta
478 1023 669 1145 quondam
694 1021 871 1141 Prezlay,
903 1037 940 1112 et
971 1021 1152 1112 heredum
1178 1052 1227 1110 ao
1256 1051 1541 1130 successorum,
1585 1025 1955 1145 consanguineorum

319 1156 535 1264 quoquest
562 1141 717 1232 allrnum
743 1139 839 1256 (sic),
868 1170 916 1228 ac
935 1141 1143 1229 bmioorum
1165 1171 1318 1230 suorum
1340 1141 1507 1248 nomine,
1540 1143 1639 1230 omni
1655 1143 1750 1259 juri,
1781 1145 1955 1260 peticioni
2037 1145 2042 1161 '

320 1263 544 1368 eleccioni,
576 1259 737 1380 siquod
768 1259 824 1348 eis
852 1287 923 1376 pro
953 1257 1086 1347 eadem
1118 1257 1325 1347 hereditate
1346 1274 1565 1378 competere
1589 1275 1722 1379 posset
1750 1261 1957 1382 aliqualiter

320 1381 559 1486 infuturum,
581 1390 780 1468 cesserunt
800 1392 837 1468 et
857 1378 1182 1482 renunciauerunt,
1208 1377 1400 1486 uolentes,
1421 1377 1524 1496 quod
1545 1377 1643 1468 idern
1673 1377 1846 1468 dominus
1877 1381 1956 1500 epi·

320 1529 462 1617 scopus
497 1511 535 1588 et
567 1495 731 1586 ecclesia
760 1525 830 1586 sua
861 1493 1211 1598 Wladizlauiensis,
1241 1494 1485 1584 hereditatem
1512 1495 1673 1586 eandem
1709 1503 1955 1586 Rostridabbo

321 1647 406 1706 cum
428 1616 601 1706 omnibus
615 1615 784 1734 juribus,
815 1611 1016 1720 fructibus,
1048 1612 1281 1720 utilitatibus,
1312 1615 1438 1734 agris,
1470 1611 1712 1722 molendinis,
1734 1631 1770 1704 et
1790 1645 1955 1735 genera-

319 1737 508 1826 liternum
531 1735 704 1823 omnibus
725 1733 804 1822 suis
824 1731 1084 1852 pertinencijs,
1116 1729 1187 1819 abs
1215 1761 1263 1818 ue
1283 1731 1408 1851 aliqua
1430 1733 1666 1854 impetioione
1688 1733 1826 1823 debeat
1841 1733 1956 1822 habe-

321 1885 381 1960 re,
412 1869 543 1942 tenere
571 1867 609 1940 et
635 1851 829 1969 perpetuis
850 1849 1083 1970 temporibus
1097 1763 1437 1968 jureqberedilario
1485 1851 1668 1942 ossidere.
1728 1849 1812 1942 Nos
1833 1853 1955 1972 igitur,

320 1971 371 2060 ad
400 1971 625 2088 peticionem
651 1970 820 2089 parcium
849 1968 1125 2088 predictarum,
1156 1967 1347 2090 predictas
1373 1881 1632 2062 venrllcionem
1665 1983 1703 2058 et
1723 1971 1956 2090 empcionem

321 2103 426 2178 ratas
446 2087 629 2178 habentes
649 2101 687 2176 et
705 2102 860 2207 gratas,
892 2115 961 2176 eas
981 2087 1052 2174 sub
1073 2088 1310 2206 appensione
1330 2103 1544 2178 nostrorum
1565 2089 1773 2211 sigillorum
1794 2087 1956 2178 ratifica-

321 2236 425 2313 mus,
447 2206 705 2327 approbamus
727 2221 764 2294 et
785 2221 914 2296 tenore
935 2207 1173 2326 presencium
1191 2203 1470 2296 confirmamus.
1512 2209 1649 2296 Actum
1665 2207 1767 2328 apud
1783 2213 1956 2315 Snta'ow,

320 2354 421 2414 anno
442 2323 581 2413 domini
600 2323 659 2412 Μο
681 2324 802 2412 CCC⁰
823 2323 972 2412 decimo
994 2339 1144 2412 octauo.
1206 2323 1453 2414 Presentibos
1481 2325 1554 2444 hijs
1587 2327 1762 2416 testibus:
1793 2325 1957 2445 Nauuyo

320 2441 619 2546 saudomiricnsi,
644 2440 863 2530 Thomislao
884 2437 1140 2548 cracoviensi,
1174 2441 1367 2530 Clemente
1387 2443 1607 2550 Siradicnsi,
1637 2446 1850 2563 palatinis;⁴
1872 2474 1954 2532 ma·
2023 2545 2030 2562 ,

319 2562 444 2683 gistro
463 2560 497 2648 F
498 2561 676 2648 rancisco
696 2558 951 2665 cracouiensi,
973 2556 1156 2646 Nanlrero
1177 2558 1395 2665 siradiensi,
1416 2560 1591 2648 iohanne
1615 2563 1844 2678 cuyauiensi,
1865 2593 1958 2650 can·

320 2678 493 2768 cellari's.
553 2678 692 2766 Datum
713 2707 783 2798 per
802 2705 935 2765 manus
955 2675 1136 2795 Sbigney,
1157 2674 1455 2794 vicecancellarii
1477 2679 1747 2784 oracouiensis,
1770 2679 1806 2765 in
1827 2679 1956 2796 vigilia

320 2797 420 2888 beati
439 2709 623 2886 lobannis
645 2795 828 2915 Baptiste.
1057 2807 1060 2814 '

1023 3109 1256 3230 ctxxtx.

462 3385 752 3481 octonae,
779 3402 935 3470 cremo
961 3378 1106 3468 lars
1133 3381 1228 3468 «tte
1252 3379 1332 3469 29
1358 3381 1560 3466 mommo
1585 3379 1828 3488 Amnum.

323 3557 604 3712 §tenuemus
624 3619 730 3694 belus
750 3619 939 3708 rmeueu,
964 3617 1155 3710 ceptrum
1174 3616 1277 3691 totius
1298 3615 1397 3710 ttcgut
1421 3613 1566 3689 tolentes
1581 3629 1619 3689 ec
1640 3611 1798 3714 tuemur,
1813 3613 1959 3691 concedit
1983 3583 1995 3598 ’

319 3723 502 3800 rmtonbrr
515 3723 657 3800 ortulis
667 3720 887 3796 mommoreto
906 3721 1030 3813 ptumo
1051 3725 1085 3796 ct
1098 3719 1306 3796 omutmotuu
1320 3719 1498 3794 libertatem
1526 3734 1582 3812 pu
1594 3720 1713 3792 terrem
1727 3715 1956 3810 promentem

632 3841 711 3902 amc
731 3841 845 3902 rcrrur
858 3820 1198 3910 manutentionem,
1218 3819 1401 3896 bmrcunti
1422 3825 1457 3895 c
1469 3819 1656 3895 mrencutt.

944 4147 1046 4232 ,Voigt
1060 4141 1384 4230 cataplasmam
1398 4142 1433 4208 Τ.
1449 4141 1488 4208 ll.
1499 4161 1528 4230 p.
1545 4139 1617 4209 tot.
1629 4137 1683 4208 N'0
1698 4135 1751 4206 86.
