4876 5940
1037 754 1393 830 --t'tc-

440 963 785 1082 condempnurunt:
816 957 1109 1079 sepedictosque
1141 958 1277 1046 Petrus
1309 957 1502 1045 consensit
1527 972 1736 1076 spontanee
1765 955 1958 1046 voluntate
1987 989 2075 1046 sen-

355 1072 366 1163 i
439 1085 564 1174 tencie
585 1085 770 1200 ipsorum,
795 1108 942 1197 ponens
963 1079 997 1166 in
1021 1077 1153 1164 eedem
1176 1077 1335 1196 pecunie
1355 1075 1600 1164 hdeiussores
1621 1077 1772 1164 inferius
1793 1092 2011 1185 annotatos,
2038 1079 2073 1166 in

439 1203 538 1290 mide
575 1201 789 1320 quingentis
826 1199 966 1283 mercis
1002 1199 1215 1283 tununensis
1251 1209 1419 1299 monete,
1454 1209 1489 1282 et
1522 1193 1763 1281 hereditatem
1798 1224 1904 1280 suern
1938 1195 2074 1284 dictum

333 1339 344 1439 t
439 1325 587 1408 Sroczk
607 1314 680 1430 (³),
713 1315 799 1402 nulli
820 1317 924 1403 citeri
947 1313 1107 1402 debitam
1135 1315 1183 1402 de
1210 1330 1343 1402 nostro
1365 1329 1526 1400 assensu
1558 1327 1596 1397 et
1616 1315 1744 1399 uxoris
1765 1343 1834 1398 sue
1865 1329 1902 1398 et
1921 1313 2074 1404 fratrum

438 1469 592 1528 suorum
620 1435 812 1555 obligauit.
863 1433 1127 1520 Fideiussores
1159 1447 1281 1520 eutem
1315 1431 1362 1548 hij
1395 1447 1500 1518 sunt:
1533 1462 1604 1518 nos
1636 1427 1869 1518 Wiadisteus
1891 1430 1966 1518 dux
1987 1465 2073 1550 pre·

438 1557 561 1646 dictus
609 1557 727 1674 primo
778 1571 814 1642 et
855 1553 1108 1670 principaliter
1158 1553 1192 1638 in
1234 1551 1404 1638 ducentis
1452 1551 1606 1652 mercis,
1657 1550 1847 1636 Sweneze
1889 1549 2074 1666 palatinus

438 1674 656 1763 Gdenensis
693 1673 929 1760 inducentis
965 1673 1124 1776 mercis,
1163 1670 1386 1787 Woysieum
1408 1671 1490 1780 (sic)
1522 1667 1767 1757 castellanum
1804 1669 1852 1756 de
1881 1675 2008 1758 Pticzlc
2037 1673 2074 1762 in

437 1807 587 1880 centum
610 1795 767 1896 mercis,
799 1791 952 1877 Petrum
976 1791 1058 1900 (sic)
1090 1791 1406 1876 subcamerarium
1438 1793 1666 1902 Stotpensem
1697 1790 1902 1874 incentum
1924 1791 2073 1897 inercie,

436 1911 689 2000 Remotonem
713 1911 796 2022 (sie)
827 1908 939 1996 titium
972 1907 1130 2026 Zywoni
1162 1907 1391 1993 inducentis
1419 1911 1576 2012 mercis,
1608 1906 1831 2023 Scyborium
1854 1909 1936 2020 (sic)
1960 1907 2072 1995 fitium

438 2031 614 2147 Scyborij
638 2033 673 2114 in
697 2029 867 2114 ducentis
889 2029 1037 2131 mercis,
1064 2026 1249 2112 decubum
1273 2025 1354 2136 (sic)
1375 2025 1485 2110 hlium
1508 2023 1676 2138 Vneshry
1700 2025 1734 2111 in
1756 2041 1902 2112 centum
1924 2028 2072 2132 mercis,

277 2209 284 2220 ·
439 2147 685 2235 beurencium
707 2147 791 2256 (sic)
819 2145 930 2232 hlium
952 2147 1117 2233 Swence
1138 2147 1173 2230 in
1195 2144 1367 2231 ducentis
1389 2146 1545 2246 merois,
1577 2144 1828 2231 Swenczhom
1848 2144 1932 2257 (sic)
1959 2143 2072 2232 filium

436 2265 634 2382 Laurencij
673 2267 886 2351 incentum
919 2266 1077 2369 mercis,
1115 2263 1251 2350 Petrus
1283 2291 1375 2354 vero
1406 2263 1512 2349 sotus
1544 2263 1578 2347 in
1611 2279 1756 2348 centum
1790 2264 1938 2350 merois.
1997 2262 2072 2378 Qui

437 2413 571 2472 omnes
603 2383 760 2468 condem
792 2385 1009 2500 pecuniam,
1041 2383 1189 2469 nomine
1220 2381 1321 2468 Petri
1341 2381 1526 2496 predicti,
1557 2383 1591 2466 in
1614 2380 1733 2467 tribus
1757 2382 1919 2468 terminis
1951 2382 2072 2469 eidem

437 2503 590 2592 domino
611 2505 804 2620 episcopo,
826 2533 869 2587 se
891 2531 1019 2588 eornm
1043 2501 1151 2586 nobis
1172 2500 1385 2618 obtigerunt
1408 2498 1565 2587 finaliter
1585 2500 1634 2585 ad
1654 2499 1886 2587 soluendum.
1922 2500 2073 2590 Scilicet

436 2623 591 2739 primum
615 2638 757 2736 partem
788 2621 824 2705 in
845 2620 941 2706 festo
962 2619 1228 2738 penthecostes
1258 2619 1430 2736 proximo
1451 2649 1550 2706 nunc
1571 2634 1747 2721 venturo,
1774 2617 1965 2705 secundus
1987 2621 2072 2732 (sic)

436 2741 472 2828 in
494 2741 589 2827 festo
612 2739 708 2826 boeti
736 2738 886 2826 Martini
913 2739 1082 2855 proxime
1110 2769 1208 2824 nunc
1230 2737 1399 2839 instanti,
1432 2739 1569 2824 tercius
1600 2752 1637 2823 et
1657 2735 1777 2824 finatis
1804 2739 1839 2823 in
1861 2737 1920 2822 die
1942 2735 2071 2824 nethe-

433 2859 481 2946 lis
502 2858 584 2970 (sie)
608 2857 756 2944 Christi.
787 2855 1064 2944 'Hereditatem
1087 2872 1222 2962 eutem,
1247 2888 1320 2975 que
1340 2863 1512 2943 Sroczko
1534 2855 1676 2959 dieitur,
1699 2856 1833 2944 eodem
1855 2856 2013 2944 termino
2034 2873 2072 2946 et

312 2981 320 3050 ἓ
436 2977 498 3063 die
519 2976 677 3064 netbeiis
701 2976 838 3063 Christi
859 3007 1034 3062 exemere
1056 2975 1207 3063 debebit
1228 2975 1262 3060 in
1286 2977 1499 3096 quingentis
1519 2975 1668 3082 merois
1700 3005 1810 3094 quem
1832 2978 1864 3061 si
1886 2987 1975 3060 tunc
1995 3005 2071 3064 non

382 3180 390 3194 ,
435 3093 651 3200 redemerit,
682 3110 819 3181 extunc
850 3123 933 3179 curn
965 3109 1093 3180 nostra
1124 3093 1408 3202 retihobicione,
1440 3123 1630 3180 consensu
1652 3124 1699 3180 ec
1721 3095 1840 3180 eciem
1870 3093 2070 3198 voluntate,

436 3227 475 3300 et
495 3242 542 3298 ex
562 3213 793 3298 admissione
823 3212 895 3297 iem
922 3215 1037 3316 fecte,
1070 3211 1203 3298 eedem
1232 3211 1422 3302 heredites
1449 3214 1529 3298 iure
1554 3231 1739 3331 perpetuo
1766 3243 1814 3298 uc
1834 3211 2070 3319 hereditario,

435 3329 485 3417 ed
516 3330 703 3417 dominum
733 3332 952 3448 episcopum
982 3330 1207 3447 predictum,
1238 3331 1353 3417 etad
1384 3362 1477 3418 suos
1507 3361 1756 3418 successores
1785 3361 1868 3417 curn
1899 3332 2071 3418 omnibus

435 3449 670 3550 utilitatibus,
701 3450 841 3535 iuribus
869 3477 916 3534 ec
944 3451 1200 3566 pertinendo,
1233 3465 1269 3536 et
1289 3480 1373 3536 cum
1395 3454 1474 3536 iure
1501 3465 1741 3566 potronatus,
1772 3450 1980 3567 pertinebit.
2030 3451 2070 3537 Si

435 3582 558 3654 eutem
580 3567 749 3683 predicte
771 3569 929 3684 pecunie
951 3570 985 3654 in
1006 3570 1126 3686 primo
1143 3481 1317 3674 imminu,
1348 3571 1445 3657 sesto
1466 3569 1744 3688 penthecostes
1766 3570 1801 3653 in
1824 3583 1931 3686 perte
1951 3581 2017 3654 eut
2034 3569 2070 3656 in

436 3697 516 3772 toto
538 3713 613 3770 non
634 3686 741 3772 suerit
761 3686 952 3790 exsoluto,
985 3703 1120 3774 extunc
1148 3687 1196 3802 hij
1218 3687 1483 3776 fideiussores:
1513 3686 1746 3776 Laurencius
1767 3685 1863 3773 titius
1894 3687 2069 3792 Swence,

286 3911 292 3923 „
435 3801 646 3920 Woyslous
674 3804 722 3890 de
752 3810 879 3891 Puozlr
905 3805 1152 3914 castellanus,
1182 3806 1354 3894 docobus
1383 3807 1562 3922 Unesiey,
1594 3805 1760 3894 Remuth
1780 3805 1877 3892 trtius
1898 3805 2069 3922 Zywuni,
2136 3883 2142 3892 .

296 3964 310 3998 ι
434 3923 644 4040 Scyborius
680 3922 777 4010 fitius
813 3921 1012 4042 Scyborij‚
1055 3931 1205 4012 Theron
1240 3925 1426 4013 ciuitatem
1458 3928 1603 4012 intrere
1639 3927 1879 4029 tenebuntur,
1917 3953 1988 4010 nec
2020 3923 2069 4012 de

435 4042 568 4127 eedem
601 4043 704 4158 prius
732 4044 854 4148 exire,
887 4043 956 4128 nisi
986 4045 1146 4157 pecunie
1178 4045 1320 4130 termini
1350 4045 1505 4161 predicti
1536 4044 1641 4129 fuerit
1669 4043 1851 4130 exsoluto.
1903 4041 2069 4129 infesto

433 4175 557 4246 cutem
587 4159 684 4246 beuti
713 4161 865 4252 biortini
892 4161 1075 4264 similiter,
1106 4163 1136 4250 si
1168 4165 1326 4280 pecunie
1356 4161 1513 4250 secundi
1538 4163 1682 4248 termini
1703 4192 1777 4250 non
1799 4161 1905 4248 fuerit
1932 4161 1968 4248 in
1989 4173 2069 4248 toto

434 4293 499 4365 eut
530 4281 565 4364 in
596 4293 702 4392 perte
735 4279 926 4382 exsoluto,
963 4295 1101 4366 extunc
1136 4281 1322 4368 Swencze
1356 4282 1562 4398 palatinus,
1597 4279 1736 4372 Petrus
1765 4279 2069 4367 subcamerariue

434 4395 657 4512 stoipensiS,
701 4398 890 4485 Swencze
924 4396 1121 4515 Lourencij
1150 4399 1233 4510 (sic)
1275 4407 1424 4486 Theron
1460 4402 1598 4486 intrare
1634 4400 1875 4502 tenebuntur,
1912 4426 1984 4483 nec
2018 4393 2068 4482 de

434 4513 568 4600 eedem
596 4517 699 4631 prius
726 4517 874 4620 exituri,
906 4517 974 4604 nisi
995 4519 1155 4636 pecunie
1176 4517 1331 4635 predicti
1354 4521 1497 4606 termini
1517 4519 1624 4604 tuerit
1645 4518 1827 4606 exsoluto.
1878 4515 1918 4602 ln
1941 4515 2067 4603 ultimo

536 4817 574 4902 (⁸)
605 4817 711 4883 Procul
734 4819 825 4887 dubio
849 4817 965 4908 Syrou
983 4819 1051 4886 vitto
1065 4821 1182 4910 publice
1197 4819 1351 4908 quondum
1367 4820 1397 4888 in
1413 4819 1601 4908 cepitrncotu
1616 4817 1809 4898 Jesinicenei,
1829 4815 1955 4902 regione
1970 4815 2068 4884 Suio-

432 4903 514 5029 cpnri
530 4903 560 4970 in
575 4901 740 4993 potetinetu
755 4907 952 4972 Pomermioe
966 4906 1032 4972 rite
1819 4951 1822 4955 -
