4878 5942
1119 743 1395 818 -..330-

1072 949 1074 956 ¹
1130 1037 1381 1154 uocum.

600 1277 881 1380 mennae,
909 1259 1064 1362 amoro
1087 1273 1241 1376 1:38⁰
1261 1275 1354 1359 tlte
1380 1267 1683 1398 2sflmcmc‘o
1706 1276 1916 1364 intertui.

441 1478 705 1555 moretm
725 1481 796 1556 lux
825 1479 1000 1570 opetum
1030 1484 1064 1552 et
1093 1476 1288 1574 cujuuiemtu
1323 1477 1515 1552 teunouuu.
1533 1477 1911 1554 tuuuumuuoocuu
1944 1480 2072 1555 illorum

982 1580 1196 1655 uenditionem
1217 1597 1388 1669 punucmm
1403 1582 1532 1656 contem

989 1768 1208 1856 Stroncuylrecii
1223 1769 1358 1857 „Wecry
1372 1770 1450 1857 piem
1464 1770 1632 1858 downych“
1647 1792 1675 1858 p.
1689 1771 1731 1836 45
1746 1771 1799 1840 N¹⁰
1813 1773 1864 1837 41.

1113 2053 1396 2210 ,ΕΌΟΧΧΙΙΜ

527 2309 530 2316 ’
582 2289 871 2388 nomenoi,
898 2309 1054 2377 ummo
1080 2287 1235 2377 1380
1265 2269 1671 2375 coenomanico
1696 2291 1955 2396 noqueunt
2007 2320 2011 2328 ·

433 2483 667 2564 'locuturus
688 2493 849 2566 scultetus
863 2492 1077 2583 lusoviensis
1092 2496 1127 2566 ct
1140 2492 1404 2583 teclcueoouuim
1427 2473 1563 2567 eunucu
1591 2509 1727 2566 urceum
1754 2491 1902 2582 nuncupo
1934 2497 1967 2566 ct
1991 2493 2072 2581 cupt-

477 2593 538 2668 tuo
551 2593 834 2684 wulturnensis,
856 2595 1039 2668 ucultcttum
1052 2594 1308 2664 Loeuomeeuem
1321 2594 1411 2712 Petro
1425 2595 1545 2668 muticu
1560 2595 1655 2668 uum
1670 2593 1843 2668 ltmtolouo
1857 2592 1963 2668 ucnffit
1984 2595 2034 2678 [¹1.

543 2783 586 2869 ln
607 2783 755 2870 nominc
777 2783 933 2884 domiui,
965 2813 1085 2872 emen.
1147 2781 1233 2870 Nus
1263 2781 1467 2887 Sbiluthus,
1498 2781 1558 2868 dei
1589 2783 1721 2900 grecie
1757 2781 2071 2870 wladislcuiensis
2109 2892 2111 2898 ι

444 2901 607 2988 ecclesie
638 2903 861 3018 episcopus,
902 2914 1029 2987 notum
1059 2930 1148 2990 esse
1176 2899 1362 2988 votumus.
1380 2915 1590 3018 presentem
1623 2901 1798 3018 peginam
1835 2901 2069 3016 inspecturis:

359 3039 363 3054 '
444 3017 562 3133 Quod
592 3017 771 3135 prouidus
803 3021 859 3105 vir
887 3019 1059 3106 lacobus
1089 3019 1271 3106 scultetus
1299 3019 1348 3104 de
1375 3025 1529 3132 Lopouo
1551 3023 1839 3125 coccoloum,
1872 3019 2072 3106 dorostro

444 3153 736 3256 nostrorumque
765 3137 916 3223 loctrum
948 3131 1261 3226 wladisleuieusis
1283 3139 1434 3253 capituli
1455 3135 1662 3240 voluntate,
1695 3135 1831 3222 dictum
1853 3136 2072 3224 scolteoiom

329 3339 338 3396 i
442 3257 481 3343 in
501 3261 712 3342 leolouecz
755 3253 870 3342 Petro
888 3257 1038 3342 rustico
1068 3255 1117 3342 dc
1149 3261 1361 3341 Brzu'clcouc
1391 3253 1558 3342 vendidit
1585 3251 1640 3365 (Ξ)
1678 3283 1747 3370 pro
1778 3253 1910 3342 decem
1933 3254 2071 3342 mercis
2212 3357 2221 3372 ¹

443 3401 667 3490 grossorum
695 3375 939 3491 pragensium
968 3374 1187 3489 polonicclis
1218 3375 1380 3478 numeri,
1409 3372 1662 3490 quadraginta
1691 3389 1778 3458 uoto
1807 3402 1970 3490 grossos
2001 3400 2071 3490 pro

444 3519 571 3576 marce
607 3491 770 3606 quelibet
798 3491 1071 3606 computando,
1108 3507 1196 3578 ectu
1226 3491 1295 3578 sibi
1323 3493 1395 3577 inm
1417 3491 1579 3609 pagetis.
1642 3489 1720 3604 Qui
1750 3491 1899 3600 quidem
1923 3490 2071 3596 Petrus,

445 3609 600 3694 racione
620 3607 719 3694 dicte
740 3607 944 3712 sooltecie,
974 3626 1010 3696 et
1037 3611 1095 3696 sui
1143 3622 1272 3724 ostery
1293 3610 1375 3721 (sic)
1398 3608 1537 3696 debent
1556 3605 1699 3694 hebere
1720 3622 1758 3694 et
1778 3623 1905 3696 tenere
1935 3637 2071 3725 perpe-

444 3740 508 3812 tue
528 3725 626 3812 duos
647 3755 817 3826 mansos,
848 3726 1038 3814 liberoso
1068 3639 1262 3814 sollicione
1291 3757 1429 3814 census
1458 3726 1655 3834 duptnxut,
1688 3740 1799 3843 prout
1819 3729 1855 3849 in
1876 3726 2072 3842 priuilegio

442 3849 670 3958 topouc'ooou‘s
704 3842 852 3932 sculteti
874 3843 960 3931 inde
981 3845 1155 3931 conlecto
1176 3844 1321 3958 plenius
1344 3847 1563 3930 continetur.
1625 3843 1708 3932 Nos
1729 3875 1822 3931 veru
1850 3842 1898 3931 dc
1918 3844 2072 3960 speciali

445 3975 576 4050 nostra
605 3963 756 4080 gracia,
790 3961 839 4049 ub
867 3963 1028 4050 seruicia
1049 3961 1134 4048 dicti
1165 3961 1278 4061 Petri,
1307 3963 1454 4050 scolteti
1475 3961 1524 4048 de
1546 3967 1774 4065 lectionem,
1805 3961 1939 4050 domus
1961 3963 2072 4078 pisci·
2173 4019 2177 4028 ·

445 4110 530 4166 num
560 4079 694 4166 ibidem
725 4079 796 4167 sibi
824 4079 1046 4167 laciendum.
1078 4079 1305 4166 Gaudebunt
1333 4095 1456 4166 eutem
1488 4081 1575 4165 dicti
1605 4081 1915 4168 incolcliberlute
1936 4081 2070 4167 decem

447 4227 642 4300 annorum,
663 4227 687 4284 a
708 4197 794 4284 doto
818 4201 1054 4314 presencium
1076 4202 1252 4286 continue
1272 4198 1622 4316 computandorum
1674 4227 1748 4314 qun
1772 4197 1940 4286 libertate
1965 4198 2070 4314 clup-

445 4345 506 4421 so,
537 4319 730 4402 memorati
751 4318 872 4404 incole
894 4318 1003 4403 nobis
1025 4333 1062 4403 et
1082 4317 1221 4404 nostris
1242 4318 1534 4404 successoribus
1565 4315 1615 4402 do
1642 4315 1808 4430 quolibet
1839 4345 1975 4404 manso
2004 4343 2069 4403 su-

546 4529 588 4614 l¹l
616 4531 663 4600 ux
677 4530 838 4619 archetypo
853 4533 1084 4598 membranaceo
1098 4531 1234 4598 tubulorii
1250 4532 1371 4618 capituli
1389 4531 1657 4598 Wlodisluuicusis.
1693 4532 1771 4598 lluic
1787 4531 1904 4599 tubuluc
1920 4540 2038 4598 eructu
2064 4562 2073 4572 ·

445 4635 541 4713 pensu
557 4613 617 4680 duo
632 4616 742 4713 ¹tigillo.
758 4637 895 4714 'quorum
917 4617 1044 4683 alterum
1066 4617 1202 4683 uidelicet
1223 4617 1393 4714 cpiscopole
1415 4617 1591 4716 obruptum‚
1615 4617 1741 4682 ulturum
1757 4637 1924 4704 appensum
1940 4552 2073 4682 funiculo

445 4719 542 4765 scrico
556 4699 665 4764 colorus
679 4701 795 4776 viridis,
818 4701 906 4787 vulgo
921 4724 939 4767 u
952 4701 1081 4800 capitulo
1096 4701 1240 4768 ecclesiae
1257 4699 1516 4778 Wluduslcurensrs
1532 4703 1682 4784 usitatum.

548 4784 588 4870 (²)
615 4781 744 4850 Lucloow
765 4787 831 4858 uillu
854 4783 994 4851 territorii
1017 4793 1047 4854 et
1059 4786 1188 4870 regionis
1211 4784 1439 4872 Opotouiousis,
1460 4786 1619 4873 parochiae
1642 4785 1934 4872 ucrolmgouicnsic.
1978 4783 2074 4850 Βηί-

446 4867 546 4936 cltouco
561 4868 688 4938 tortum
700 4869 852 4956 Brzylccw
867 4870 1064 4938 Sierodiensis
1078 4869 1221 4938 territorii
1237 4877 1268 4938 et
1280 4870 1421 4956 regionis.
