4926 5940
1117 701 1391 775 -ddd—

433 907 683 1012 notificemus,
703 931 752 992 ac
771 899 822 990 cd
842 914 1008 990 vestram
1029 915 1067 990 et
1086 901 1284 998 cuiuslibet
1303 915 1472 991 vestrum
1493 901 1669 990 noticiam
1690 899 1914 992 deducirnm
1943 918 1983 992 et
2001 882 2077 996 ὼ

435 1027 524 1116 duci
543 1024 716 1114 volumus
746 1050 816 1141 per
836 1035 1047 1136 presentes:
1078 1051 1226 1140 vosque
1251 1049 1386 1110 omnes
1407 1033 1445 1108 et
1466 1019 1641 1138 'singulos
1661 1020 1923 1138 supradictas,
1943 1039 1983 1114 et
2002 1053 2068 1115 ve·

435 1162 551 1234 suum
573 1139 776 1259 quemlibet
795 1139 832 1228 in
851 1137 1024 1240 solidum,
1037 1167 1085 1226 ac
1105 1140 1217 1273 alios,
1236 1165 1394 1258 quorum
1416 1138 1570 1226 interest
1590 1139 1649 1228 vel
1665 1139 1841 1244 intererit,
1863 1145 2071 1230 comuniter
2229 1199 2233 1208 ·

435 1262 495 1350 vel
515 1261 681 1364 divisim,
700 1273 832 1345 tencre
853 1259 1090 1373 presencium
1111 1260 1335 1376 requu'vnus
1356 1271 1393 1344 et
1412 1283 1609 1344 monemus
1625 1257 1770 1374 primo,
1792 1259 1978 1366 secundo,
1999 1277 2071 1348 ter·

292 1436 297 1442 .
435 1383 495 1470 cio
531 1393 573 1466 et
599 1375 869 1495 peremptorie;
899 1375 1084 1492 vobisque
1119 1375 1389 1478 nichilominus,
1423 1390 1461 1462 et
1491 1389 1657 1462 vestrum
1680 1377 1841 1479 cuilibet,
1876 1379 1912 1464 in
1934 1379 2069 1466 virtute

370 1525 376 1532 ·
435 1511 567 1586 sancte
588 1494 821 1595 obediencie,
838 1507 876 1580 et
888 1493 1216 1610 subintrasrriptis
1233 1493 1508 1582 sentenciarum
1522 1495 1633 1610 penis
1644 1491 1814 1582 districte
1824 1495 2074 1613 precipiendo

381 1711 383 1718 ,
435 1615 677 1717 mandamus,
710 1611 885 1731 quatinus
915 1611 1012 1700 intra
1035 1614 1104 1698 sex
1129 1611 1272 1700 dierum
1303 1613 1494 1728 spacium,
1523 1627 1611 1732 post
1641 1614 1965 1728 presentacicnam
1998 1644 2069 1700 scu

435 1733 735 1822 notificacionem
758 1729 1009 1847 presencium,
1030 1729 1139 1818 vobis
1169 1761 1238 1816 seu
1267 1729 1373 1820 alteri
1400 1746 1565 1818 vestrum
1595 1759 1713 1844 super
1741 1731 1816 1818 boc
1843 1732 1999 1834 lactem,
2029 1743 2068 1820 et

435 1865 637 1971 postquam
658 1855 855 1966 prc'partc
874 1846 963 1934 dicti
992 1845 1131 1935 dernini
1157 1846 1341 1967 Episcopi
1362 1863 1400 1935 et
1419 1848 1584 1936 ecclesie
1605 1846 1933 1938 Wledisloviensis
1953 1843 2065 1936 lueri·

435 1969 482 2058 tis
502 1967 680 2088 requisiti,
700 1996 769 2052 seu
789 1965 885 2052 alter
903 1977 1067 2052 vestrum
1083 1967 1192 2054 luerit
1206 1968 1420 2084 requisitus,
1437 1964 1648 2054 immediate
1668 1981 1884 2085 sequentes,
1904 1992 2067 2078 quorum

434 2116 503 2174 sex
524 2086 667 2172 dierum
696 2081 795 2170 duos
814 2111 884 2198 pro
905 2083 1038 2198 primo,
1057 2081 1156 2172 duos
1177 2114 1247 2200 pro
1268 2083 1456 2188 secundo,
1491 2099 1530 2172 et
1548 2085 1712 2197 reliquos
1731 2083 1831 2170 duos
1852 2081 1936 2172 dies
1958 2085 2069 2172 vobis

436 2204 610 2293 omnibus
632 2216 668 2288 et
689 2199 847 2318 singulis
875 2198 1098 2313 supradictis
1129 2229 1200 2318 pro
1230 2205 1347 2290 tercio
1369 2218 1408 2290 et
1425 2205 1675 2320 peremptorio
1697 2203 1854 2291 termino
1875 2234 1924 2290 ac
1946 2207 2070 2292 moni·
2150 2251 2154 2259 ·

436 2323 547 2412 cisne
568 2317 751 2406 canonica
772 2315 1035 2432 assignamus,
1056 2321 1338 2434 prenominatos
1360 2319 1565 2426 Consules,
1586 2322 1847 2438 proconsules,
1880 2321 2070 2438 opidanos
2171 2353 2181 2420 ,ξ

436 2457 475 2530 et
494 2437 782 2538 universitatem,
804 2435 1026 2522 coniunctim
1043 2449 1081 2522 et
1101 2436 1257 2538 divisim,
1278 2439 1474 2556 requiratis
1495 2455 1532 2528 et
1553 2440 1734 2526 moneatis
1751 2439 2072 2557 primosecundo

437 2559 553 2647 tercio
570 2569 607 2642 et
628 2553 895 2671 peremptorie,
911 2553 1043 2671 eisque
1063 2554 1321 2646 nichilominus
1342 2560 1379 2644 in
1400 2559 1532 2646 virtute
1545 2573 1677 2644 sancte
1694 2555 1924 2659 obediencie,
1944 2573 1982 2646 at
1996 2558 2069 2646 sub

439 2677 547 2796 penis
567 2669 814 2786 infrascriptis
834 2665 999 2758 districtc
1021 2674 1261 2790 precipiendo
1291 2675 1491 2764 mandetis:
1522 2690 1632 2792 prout
1654 2705 1726 2764 nos
1739 2678 1866 2764 eciam
1883 2677 1992 2792 ipsos
2013 2689 2069 2766 te·

437 2824 532 2884 nors
552 2789 791 2908 presencium
822 2788 1042 2898 requirimus
1065 2804 1103 2876 et
1123 2821 1330 2896 monemus,
1352 2797 1477 2884 ac'eis
1497 2792 1741 2882 mandamus:
1771 2795 1946 2907 quatinus
1973 2795 2069 2884 intra

440 2911 640 3030 sexaginta
660 2905 805 2996 dierum
826 2907 1013 3022 spacium,
1045 2924 1130 3026 pust
1150 2911 1439 3024 requisicicnam
1468 2941 1537 2998 seu
1558 2913 1977 3004 municionem'vestras
1996 2911 2068 3002 bu-

438 3027 601 3119 iusunodi
622 3022 823 3112 inmediate
846 3027 1104 3136 sequencium,
1124 3053 1283 3140 quorum
1304 3030 1501 3150 sexaginta
1523 3029 1665 3122 dierum
1698 3031 1828 3150 viginti
1847 3059 1919 3149 pra
1939 3033 2071 3150 pnmn,

427 3148 567 3268 .viginti
588 3173 658 3262 pro
680 3140 870 3247 secundo,
901 3158 938 3231 et
956 3147 1123 3256 reliquos
1155 3149 1285 3267 viginti
1314 3147 1399 3265 dics
1429 3176 1499 3266 pro
1522 3149 1639 3236 tercio
1661 3161 1698 3235 et
1716 3151 1974 3268 peremptorio
1994 3163 2069 3238 ter-

437 3267 537 3354 mino
558 3278 596 3350 et
617 3261 832 3351 municione
853 3265 1039 3352 canonica
1064 3264 1209 3355 eisdem
1230 3268 1536 3384 proconsulibus,
1567 3267 1805 3372 consulibus,
1826 3265 2010 3385 opidanis
2030 3281 2070 3356 et

438 3380 655 3474 comunitati
684 3379 906 3497 assignetis,
939 3397 1048 3498 prout
1074 3398 1112 3470 et
1131 3378 1341 3474 nos'eciam
1370 3388 1427 3474 sic
1454 3386 1699 3505 assignamus
1728 3386 1886 3486 eisdem,
1920 3386 2068 3504 prelato

436 3501 590 3592 dominc
610 3496 822 3615 Episcopo,
843 3513 906 3585 aut
932 3503 1168 3618 procuratoq'
1195 3534 1263 3592 seu
1286 3503 1434 3592 sindico
1460 3515 1544 3609 suc,
1569 3502 1620 3589 ad
1642 3503 1679 3589 id
1699 3504 1888 3594 sufficiens
1910 3503 2069 3592 manda·

437 3635 514 3707 tum
535 3616 707 3730 babentj,
738 3616 882 3732 prelata
918 3622 1081 3735 quinque
1117 3621 1214 3708 milia
1249 3623 1332 3734 (sic)
1359 3651 1555 3743 sexagena
1588 3621 1670 3732 (sic)
1706 3651 1933 3741 grossorum
1975 3623 2070 3712 lato·

400 3819 402 3824 ,
437 3767 532 3841 rum,
564 3732 755 3844 inquibus
785 3761 853 3846 per
873 3742 1056 3850 prelatum
1084 3735 1273 3828 dominum
1302 3741 1513 3829 dobannem
1543 3738 1591 3826 de
1616 3745 1748 3841 Melta,
1779 3753 1819 3826 ut
1839 3742 2070 3857 premittitur,

437 3854 704 3969 condempnati
734 3859 1012 3946 sentencialiter
1043 3857 1223 3957 existunt,
1252 3859 1356 3945 iuxta
1382 3860 1527 3971 prelata
1561 3859 1752 3946 sentencia
1776 3860 1992 3946 fermentet
2013 3871 2069 3944 te·

437 4005 588 4080 norem,
618 3974 737 4065 libere
758 3975 866 4079 dent,
896 3975 1046 4062 tradant
1074 3988 1112 4061 et
1145 3976 1344 4094 assignent
1371 4002 1457 4062 cum
1483 3975 1639 4080 ellectu,
1668 3991 1732 4062 aut
1755 4007 1802 4064 sc
1830 4004 1948 4092 super
1977 4005 2070 4092 prc-

321 4094 325 4101 ’
437 4093 561 4182 missis
593 4121 678 4184 cum
708 4095 843 4184 andem
875 4089 1026 4182 domino
1055 4089 1252 4214 Episcopo
1279 4093 1590 4183 Wladislaviensi
1618 4123 1688 4183 seu
1715 4094 1797 4181 e'rrs
1819 4109 2070 4207 procuratore

437 4209 684 4302 amicabiliter
712 4211 948 4304 concordent
983 4230 1021 4301 et
1050 4223 1290 4330 componant
1324 4212 1443 4326 Quod
1474 4213 1506 4302 si
1530 4213 1631 4302 ,torte
1659 4213 1851 4328 premissa
1879 4214 2002 4300 omnia
2032 4225 2069 4300 et

347 4395 351 4405 .
439 4329 591 4449 singula
612 4363 688 4420 non
709 4333 1007 4449 adimpleveritis
1037 4363 1106 4420 seu
1136 4331 1271 4448 aliquis
1300 4348 1466 4420 vestrum
1496 4363 1573 4421 non
1593 4331 1873 4450 adimpleverit,
1903 4359 1973 4417 seu
1990 4358 2069 4418 nnn

439 4448 725 4563 adimpleverint
764 4451 1036 4570 proconsules,
1077 4451 1276 4555 consules,
1323 4449 1477 4569 opidani
1508 4467 1544 4539 et
1574 4452 1800 4545 universitas
1838 4447 1991 4568 prelati,
2020 4472 2071 4538 aa

440 4567 625 4656 mandatis
653 4599 702 4658 ac
730 4569 1003 4666 municionibus
1033 4570 1175 4656 nostris
1194 4567 1426 4673 huiusmodi,
1447 4597 1575 4685 ymmo
1591 4571 1719 4660 verius
1738 4567 1971 4685 apostolicis,
1992 4595 2070 4654 nco

439 4685 650 4804 parueritjs,
672 4691 856 4802 paruerit,
888 4719 957 4776 seu
978 4717 1053 4774 non
1084 4691 1275 4805 paruerint·
1298 4687 1453 4775 realiter.
1468 4703 1506 4774 et
1528 4719 1615 4776 cum
1642 4690 1800 4791 allectus,
1832 4685 1917 4774 Nos
1940 4686 1976 4771 in
1996 4713 2069 4774 vqs

441 4832 573 4892 omnes
595 4807 841 4925 etsingulcs,
862 4821 899 4894 at
920 4807 1013 4894 alios
1034 4835 1306 4926 quoscumque,
1329 4807 1443 4924 quiin
1465 4809 1662 4926 premissis·
1682 4803 2064 4924 culpabileslueritis,
