4878 5942
1118 683 1391 758 -bllO·-·

331 929 336 938 ·
439 891 563 984 uillam
584 887 641 1004 (ἵ)
675 892 847 1008 pronunc
867 885 1049 1006 possedit
1071 885 1267 976 intendens
1287 887 1543 976 melioracioni
1558 886 1643 976 ville
1659 889 1839 1006 predicte,
1861 888 1911 978 de
1932 893 2066 982 uolunss

440 1027 516 1100 tate
537 1025 573 1098 et
593 1037 782 1098 consensu
803 1021 934 1094 nostro
966 1021 1003 1093 et
1024 1006 1174 1123 capituli
1194 1004 1521 1112 wladislauiensis,
1553 1006 1737 1124 prefatam
1758 1007 1885 1096 villam
1912 1015 2069 1098 Seuere·
2116 1053 2118 1058 ·

439 1161 528 1216 cero
558 1139 758 1244 prenotato
779 1123 935 1212 Zelooni
955 1122 1006 1210 ad
1025 1151 1181 1212 mansos
1202 1124 1327 1210 llamin
1359 1124 1441 1214 icus
1454 1127 1542 1242 jure
1561 1122 1875 1247 Meydburgensi,
1897 1143 2012 1246 prout
2032 1131 2069 1218 in

440 1263 541 1335 terra
561 1245 741 1333 culmensi
760 1259 920 1348 tenetur,
950 1243 1124 1361 exposuit
1142 1241 1193 1329 ad
1213 1153 1415 1332 locandum
1446 1273 1516 1361 pro
1539 1257 1642 1331 certa
1672 1247 1878 1362 quantitate
1898 1249 2069 1364 pecunie,

439 1364 657 1454 scolteciam
686 1362 756 1450 sibi
785 1361 955 1455 vendens
983 1362 1018 1446 in
1039 1361 1126 1448 villa
1146 1374 1316 1478 pretacta
1345 1361 1416 1449 sub
1433 1389 1496 1469 ea,
1517 1392 1591 1478 que
1619 1363 1790 1483 sequitur
1811 1363 2068 1454 ordinacione.

441 1483 569 1571 Primo
597 1479 781 1599 siquiden¹
809 1481 1019 1568 reseruauit
1044 1478 1115 1568 sibi
1135 1476 1205 1596 pro
1227 1478 1391 1568 dominio
1415 1494 1491 1568 tres
1517 1509 1674 1569 mansos
1704 1496 1741 1568 et
1762 1483 1842 1571 suis
1864 1511 2069 1581 successo·

440 1601 561 1705 ribus,
597 1613 633 1688 et
663 1613 740 1687 tres
769 1614 891 1705 ortos,
929 1613 1100 1718 quartum
1123 1613 1245 1686 ortum
1266 1626 1359 1686 vero
1390 1597 1440 1684 ad
1469 1621 1640 1686 mansum
1670 1614 1922 1716 spectantem,
1956 1631 2069 1690 unum

440 1717 636 1822 duntaxat,
667 1713 983 1838 quemadmodum
1012 1745 1081 1834 pro
1102 1715 1269 1834 quolibet
1295 1715 1500 1804 incolarum
1530 1745 1685 1832 mansos
1715 1720 1926 1806 tenencium
1947 1733 2072 1808 exstat

340 1899 353 1932 2
441 1835 663 1950 ordinatum.
705 1835 801 1924 Dicti
829 1849 953 1922 autem
983 1850 1144 1952 quatuor
1172 1835 1342 1926 ortulani.
1354 1835 1442 1951 jure
1457 1835 1646 1952 polonico
1676 1865 1807 1924 coram
1829 1835 1981 1927 domino
2002 1837 2070 1926 do·
2104 1862 2107 1872 ·

337 1935 347 1966 ²
440 1955 566 2042 banne
601 1953 746 2072 prelato
777 1952 836 2042 vel
862 1982 933 2040 suo
963 1966 1232 2070 procuratore,
1260 1981 1309 2038 ac
1338 1953 1458 2040 eciam
1488 1954 1567 2040 suis
1594 1955 1883 2043 successoribus
1911 1984 2070 2074 respon·

442 2065 594 2160 debunt.
628 2071 859 2158 Reseruauit
893 2071 1032 2184 eciam,
1050 2069 1120 2156 sibi
1153 2085 1190 2156 et
1225 2071 1304 2156 suis
1334 2071 1624 2159 successoribus
1653 2101 1763 2158 unum
1792 2089 1938 2190 pratum
1968 2075 2072 2162 curie

443 2219 513 2280 sue
532 2187 732 2289 adiacenS,
764 2185 866 2306 quod
888 2184 1120 2305 protenditur
1147 2213 1267 2304 penes
1292 2186 1443 2274 lluuium
1474 2204 1512 2276 et
1532 2188 1654 2276 lacum
1678 2187 1738 2305 de
1757 2194 1975 2304 Suontmky
1996 2188 2071 2303 (³),

306 2369 313 2401 t
444 2305 636 2426 usquead
660 2306 792 2393 limites
813 2303 1095 2411 villemilitalis,
1129 2335 1203 2421 que
1237 2309 1447 2392 Seocrrczo
1477 2305 1560 2418 (sic)
1586 2307 1798 2426 wlgariter'
1822 2325 2072 2428 nuncupatur,

299 2424 310 2513 i
444 2439 552 2514 extra
587 2422 686 2520 dicte
721 2422 808 2510 ville
842 2451 1076 2529 mensuram,
1116 2420 1218 2541 quod
1256 2421 1405 2540 quidem
1443 2439 1590 2540 pratum
1618 2425 1751 2513 incole
1787 2425 1872 2514 ville
1902 2426 2073 2544 predicte

443 2543 653 2648 lalcabunt,
681 2541 973 2676 congregabunt
1002 2555 1040 2628 et
1066 2541 1103 2626 in
1124 2569 1274 2628 orreum
1305 2541 1387 2654 (sic)
1409 2540 1599 2631 deducent
1626 2541 1792 2661 ipsorum
1823 2541 2016 2634 laboribus
2036 2561 2072 2632 et

309 2665 331 2747 l
444 2659 633 2778 expensis
676 2656 849 2747 Ortulanr
879 2687 972 2746 uero
999 2657 1155 2774 predicti
1185 2657 1257 2746 'sibi
1286 2674 1323 2747 et
1343 2659 1422 2748 suis
1443 2661 1733 2750 successoribus
1761 2659 1875 2751 modo
1889 2661 2071 2780 polonico

444 2779 620 2866 laborare
653 2778 727 2864 sint
753 2778 914 2882 astricti,
952 2778 1015 2897 qui
1044 2774 1181 2864 ibidem
1214 2777 1252 2863 in
1272 2778 1363 2865 ortis
1417 2777 1568 2867 redictis
1595 2778 1825 2868 residebunt.
1857 2779 2072 2870 Scoltbetus

445 2925 538 2986 vero
573 2911 611 2984 et
645 2897 702 2981 sui
738 2924 987 2983 successores
1023 2894 1201 3014 legittime
1234 2807 1531 3004 descendentes,
1565 2927 1677 2984 unum
1712 2927 1884 2986 mansum
1918 2897 2073 2986 liberum

446 3043 618 3101 acensu
658 3028 694 3100 et
729 3015 845 3131 omni
864 3041 997 3117 onere,
1033 3011 1103 3098 sed
1139 3042 1214 3099 non
1258 3041 1281 3098 a
1318 3011 1464 3100 decima
1503 3029 1685 3133 perpetuo
1721 3014 1980 3133 possidebunt.
2026 3014 2074 3106 Et

446 3132 564 3220 eciam
606 3145 728 3220 ortum
763 3131 917 3217 liberum
951 3143 1059 3218 extra
1094 3159 1309 3218 mensuram
1330 3129 1589 3251 possidebunt.
1641 3131 1801 3222 Admisit
1825 3136 1951 3223 eciam
1973 3135 2074 3225 scol·

342 3256 345 3265 '
445 3250 584 3340 tlretum
625 3247 833 3368 predictum
874 3248 943 3336 sibi
983 3251 1020 3336 in
1056 3247 1262 3337 subsidium
1298 3279 1469 3338 mansum
1512 3281 1625 3339 unum
1661 3249 1858 3339 solubilem
1895 3253 2073 3348 obtinere.

450 3367 679 3456 Geudebunt
723 3365 845 3456 incole
877 3369 1071 3455 memorati
1109 3366 1268 3455 duorum
1296 3397 1481 3480 annorum
1516 3399 1541 3456 a
1576 3366 1665 3458 data
1696 3370 1932 3488 presencium
1955 3373 2073 3480 (com-

447 3483 637 3605 putando,
674 3483 904 3594 omnimoda)
935 3485 1116 3598 libertate.
1179 3485 1270 3601 Qua
1302 3489 1482 3605 expirata,
1508 3485 1558 3573 de
1581 3517 1714 3576 manso
1738 3487 1905 3608 quolibet
1926 3487 2074 3576 solubili

448 3603 556 3690 annis
577 3602 746 3720 singulis,
769 3604 879 3690 nobis
900 3617 935 3690 et
957 3605 1096 3714 nostris
1117 3605 1422 3711 successoribus,
1443 3606 1598 3694 racione
1621 3635 1780 3710 census,
1801 3605 1954 3694 infesto
1976 3607 2075 3696 beati

447 3719 597 3807 lllartini
614 3717 828 3838 'quindecim
851 3736 983 3809 scotos
1004 3737 1152 3809 monete
1172 3717 1438 3828 Thorunensis,
1453 3723 1605 3810 soluere
1626 3723 1861 3812 tenebuntur.
1900 3721 1951 3810 Et
1971 3723 2073 3812 deci-

325 3845 339 3975 J
424 3868 547 3937 „nram
567 3839 603 3926 in
625 3867 760 3954 campo
782 3839 1032 3956 manipulatim
1054 3839 1220 3928 similiter
1239 3841 1488 3960 assignabunt
1517 3854 1554 3928 et
1574 3843 1652 3928 suis
1670 3841 1915 3930 'leccionibus
1935 3841 1985 3929 ad
2007 3871 2074 3930 no·

333 3978 337 3996 ¹
448 3972 565 4046 strum
594 3969 631 4044 et
652 3969 866 4044 nostrorum
895 3983 1164 4045 successorum
1194 3986 1345 4044 orreum
1375 3957 1572 4064 deducent.
1605 3957 1778 4048 Racione
1809 3989 1901 4048 vero
1933 3958 2075 4048 decime

347 4074 360 4185 ,ἶ
440 4076 524 4182 lini,
553 4090 700 4163 scotum
728 4072 777 4162 de
805 4105 939 4163 manso
966 4073 1133 4196 quolibet
1165 4073 1406 4165 denariorum
1441 4077 1701 4194 assignabunt.
1759 4076 1883 4192 Quem
1921 4108 2074 4168 censum

449 4191 656 4284 scoltbetus
685 4193 766 4312 ipsc
793 4207 830 4279 et
865 4195 923 4280 sui
952 4195 1093 4310 posteri
1125 4194 1298 4313 exigent,
1325 4209 1362 4283 et
1383 4195 1451 4282 sibi
1479 4197 1633 4314 suisque
1663 4195 1954 4284 successoribus
1985 4197 2074 4284 inte-

450 4309 607 4431 graliter
626 4311 907 4427 presentabant.
923 4307 1001 4398 Pro
1019 4311 1137 4399 tribus
1158 4313 1275 4400 eciam
1289 4311 1458 4432 praudijs
1472 4314 1580 4400 trium
1603 4342 1825 4433 magnorum
1841 4313 2076 4430 judiciorum.

553 4626 592 4710 (²)
635 4626 793 4694 Sr'croe'crolr
807 4628 874 4694 villa
887 4629 1029 4696 territorii
1045 4629 1243 4716 Cujavionais,
1265 4631 1398 4716 regionis
1418 4631 1627 4698 Kowalcnais:
1653 4639 1698 4696 est
1719 4633 1810 4697 etiam
1834 4629 1901 4699 villa
1922 4629 2080 4716 Poporrice

454 4709 549 4776 orado
564 4709 700 4794 ejusdem
715 4711 867 4788 territorii,
883 4713 1014 4812 regionis
1028 4714 1203 4782 Brestcusis.

554 4793 595 4878 (³)
638 4793 715 4862 Villa
731 4795 889 4864 someron
902 4807 957 4864 orta
969 4806 1015 4864 est
1029 4819 1062 4864 ra
1076 4819 1148 4866 vara
1162 4799 1199 4865 nd
1215 4799 1323 4874 lacum,
1333 4800 1365 4865 in
1379 4799 1464 4886 cujus
1479 4819 1532 4865 ora
1548 4801 1680 4866 occurrit
1691 4799 1760 4864 villa
1775 4777 1937 4880 drrtotniki
1950 4798 2037 4864 dicta
