4926 5940
1125 711 1402 785 -tla-

442 917 565 1006 cidem
583 915 776 1004 udaroumo
790 927 829 998 ot
848 915 928 1000 suis
942 912 1109 1027 posteris
1129 939 1241 998 unam
1262 939 1431 994 mansum
1446 911 1541 1018 (sic),
1559 933 1632 1018 que
1648 907 1784 995 dicitur
1797 909 1978 1026 ulgeriter
1994 911 2075 1022 (sic)

438 1064 622 1150 praecum
655 1028 757 1148 apud
778 1029 969 1148 granicies
1002 1033 1143 1128 Babba,
1178 1023 1229 1112 ad
1265 1024 1513 1112 aduocaciam
1548 1039 1746 1142 perpetue
1765 1023 1986 1116 addicimus·
2007 1026 2077 1140 (³)

356 1172 361 1182 “
442 1153 681 1241 Thabarnam
710 1177 823 1234 unam
851 1161 889 1234 et
906 1145 1120 1234 ortulanum
1150 1145 1186 1230 iu
1215 1140 1323 1232 dictis
1344 1141 1494 1231 duobus
1515 1144 1657 1230 mansis
1676 1141 1756 1230 suis
1777 1143 2072 1235 lucarevalebit.

441 1271 533 1362 Item
555 1269 716 1355 iumenta
736 1263 926 1372 indomita,
947 1263 1111 1354 valteres
1140 1262 1231 1368 (sic),
1261 1266 1395 1365 canes,
1432 1291 1529 1349 aues
1545 1261 1745 1366 venatiles,
1776 1262 1821 1348 in‘
1834 1260 1968 1351 eedem
1989 1264 2082 1354 villa

442 1389 540 1478 licite
561 1417 631 1505 pro
651 1407 724 1473 sua
742 1381 895 1472 utilitate
914 1382 1048 1500 poterit
1069 1407 1235 1468 seruare.
1295 1379 1388 1466 ltem
1418 1378 1515 1468 idem
1536 1379 1749 1466 aduncatus
1778 1382 1933 1467 tercium
1955 1381 2074 1469 dena·

443 1509 536 1596 rium
564 1505 615 1592 do
641 1501 855 1616 siluadicle
875 1499 1119 1603 hereditatis3:
1139 1498 1337 1616 tulgaciter
1361 1501 1543 1610 chowe,
1573 1497 1738 1586 similiter
1760 1498 1951 1586 obtinebit.
2013 1499 2073 1586 Au

443 1629 477 1716 si
496 1623 595 1712 idem
623 1621 834 1710 aduocatus
861 1621 962 1708 buna
992 1618 1091 1704 dicte
1120 1615 1330 1704 aduocacie
1359 1646 1429 1702 sue
1456 1617 1584 1735 aliqua
1604 1631 1712 1732 parte
1733 1617 1790 1704 sui
1807 1617 2074 1717 meliorauerit,

443 1759 534 1862 puta
564 1739 807 1858 exstirpando
847 1738 908 1826 uel
930 1734 1158 1842 edificando,
1181 1746 1317 1823 extunc
1337 1763 1407 1853 pro
1429 1734 1645 1826 melioribus
1668 1735 1853 1852 pecuniis,
1873 1757 1984 1846 quam
2005 1765 2072 1822 so·

444 1865 503 1950 lus
523 1861 629 1967 emit,
658 1858 829 1946 vendere
845 1857 1003 1967 valebit,
1024 1853 1176 1942 domino
1198 1855 1268 1942 sibi
1289 1883 1365 1942 non
1386 1868 1597 1940 recusante.
1635 1853 1817 1940 Preterea
1839 1847 2072 1960 lrmetbene's

445 1993 630 2101 quotquot
661 1979 698 2066 in
725 1976 826 2064 dicta
847 1975 1052 2062 hereditate
1072 1974 1221 2076 suerint,
1254 2001 1328 2060 una
1358 2002 1442 2060 cum
1472 1971 1664 2058 aduocato
1685 1969 1884 2088 asapius,
1916 1969 1987 2057 nisi
2006 1999 2074 2088 per

446 2128 516 2188 sex
541 2125 705 2215 grossos
735 2107 898 2182 monete
915 2092 1090 2209 simplicis
1120 2093 1157 2177 in
1186 2089 1330 2210 Regno
1362 2091 1545 2178 currentis
1567 2089 1618 2176 ad
1638 2090 1771 2178 lestum
1792 2089 2075 2207 puribeacionis

446 2217 603 2333 virginis
621 2213 754 2316 lilarie,
776 2211 824 2300 de
845 2211 1010 2330 quolibet
1033 2237 1176 2314 manso,
1199 2209 1307 2295 annis
1328 2207 1498 2328 singulis,
1520 2236 1590 2326 pro
1611 2206 1755 2294 decima
1775 2205 2081 2323 respondebunt.

446 2345 488 2421 ut
506 2336 547 2420 in
563 2331 645 2448 alijs
675 2330 770 2416 villis
799 2329 1017 2417 continetur.
1079 2327 1230 2441 Quibus
1258 2327 1377 2414 eciam
1405 2357 1428 2414 a
1459 2325 1546 2414 data
1577 2325 1813 2444 presencium
1833 2323 2076 2444 indulgemus

445 2452 654 2539 libertatem
674 2448 962 2535 inhabitantibus
983 2444 1262 2558 quatuordecim
1284 2471 1406 2534 anuos
1427 2446 1476 2532 ab
1499 2445 1671 2533 omnibus
1692 2443 1950 2539 solutionibus
1971 2457 2010 2530 et
2025 2441 2075 2530 la-

445 2568 619 2672 boribus,
652 2583 688 2654 et
708 2565 990 2654 dacionibuset
1010 2565 1204 2683 quibusuis
1233 2565 1402 2682 angariis
1433 2563 1570 2650 nullum
1593 2563 1833 2680 persenciant
1852 2589 2073 2678 grauameo.

448 2686 539 2802 Qua
559 2683 707 2799 quidem
729 2685 860 2801 elapsa
880 2683 1066 2784 libertate,
1097 2683 1234 2798 prelati
1266 2683 1488 2770 kmetbonas
1515 2681 1625 2769 nobis
1664 2679 1724 2794 uel
1753 2681 1891 2768 nostris
1918 2673 2072 2788 succes-j

447 2805 614 2908 sumbus,
646 2801 796 2912 quilibet
816 2799 945 2888 eor'um
967 2801 1015 2887 de
1038 2799 1204 2920 quolibet
1224 2829 1357 2887 manso
1379 2798 1579 2886 duodecim
1600 2801 1787 2918 grossos}
1809 2797 1961 2885 racione
1982 2825 2074 2890 ceu-

447 2949 532 3025 sus,
563 2921 704 3008 usualis
725 2934 876 3007 monete
897 2933 933 3006 et
953 2921 1095 3006 numeri
1112 2918 1343 3036 polonicalis‚
1365 2918 1414 3004 ad
1436 2918 1570 3005 lestum
1592 2918 1712 3006 sancti
1728 2913 1890 3022 Martini}
1910 2913 2074 3002 similiter

343 3097 363 3147 ‚t
447 3041 566 3128 eciam
587 3069 656 3158 per
676 3041 892 3146 lantonem„
909 3039 1064 3124 racione
1094 3035 1361 3153 expedicionis,
1392 3036 1587 3156 wlgariter
1610 3065 1866 3148 moyeuceyo,
1892 3031 2074 3120 ‘eiusdem

341 3155 344 3162 ’
448 3171 607 3261 monete,
627 3160 735 3243 annis
756 3157 925 3277 singulis,
963 3156 1186 3243 tenebuntur
1215 3183 1313 3272 expe
1344 3185 1427 3260 are,
1460 3183 1536 3241 una
1556 3181 1641 3240 cum
1664 3169 1825 3274 quatuor
1845 3151 1971 3240 choris
1991 3149 2075 3263 (sic)
2107 3249 2110 3257 ¹

447 3275 679 3363 awenealias
700 3307 824 3388 cssep,
856 3303 973 3393 super
1001 3275 1134 3362 lestum
1161 3273 1282 3392 primo
1314 3185 1464 3361 dictum.
1484 3273 1576 3360 ltem
1603 3273 1723 3360 eciam
1745 3270 1832 3359 dicti
1852 3269 2078 3358 kmetboues

448 3422 518 3512 per
540 3393 703 3513 quinque
738 3391 859 3479 decim
898 3421 986 3480 uwa
1017 3408 1053 3480 et
1074 3421 1143 3510 per
1164 3419 1275 3480 unum
1298 3421 1452 3480 caseum
1482 3421 1597 3510 super
1615 3392 1750 3478 festum
1772 3389 1920 3494 Pasce,
1952 3402 1989 3474 el
2008 3415 2078 3504 per

447 3511 546 3600 duos
567 3512 688 3628 pullos
709 3512 832 3600 bonos
853 3539 968 3629 super
987 3513 1121 3598 lestum
1142 3512 1419 3628 assumpcionis
1449 3510 1605 3628 virginis
1634 3508 1757 3596 Morio
1786 3504 1856 3618 (⁴).
1916 3505 2078 3618 insuper

448 3629 537 3715 dicti
565 3629 785 3716 kmetbones
811 3629 919 3716 nobis
951 3659 1060 3716 unam
1083 3627 1179 3714 diem
1201 3630 1385 3747 integram
1408 3655 1538 3714 arrare
1558 3627 1639 3736 lsic)
1661 3627 1901 3729 tenebuntur,
1933 3625 1990 3713 sic
2019 3635 2075 3711 tu-

448 3775 544 3848 men,
564 3747 666 3862 quud
687 3745 762 3832 boc
783 3762 917 3850 totum,
950 3759 1126 3865 quantum
1147 3776 1221 3832 una
1243 3745 1305 3831 die
1324 3747 1500 3846 arabunt,
1532 3743 1619 3831 illud
1641 3743 1782 3831 debent
1803 3742 1932 3830 debite
1948 3741 2072 3830 termi·
2204 3791 2207 3799 -

398 3949 401 3970 .
446 3891 556 3968 nare,
586 3859 760 3958 videlicet
780 3891 851 3980 pro
872 3879 909 3949 et
930 3878 1061 3950 contra
1082 3891 1229 3968 arrare,
1261 3866 1466 3966 seminare,
1487 3878 1652 3969 metere,
1681 3863 1845 3978 capitare
1881 3872 1919 3944 et
1950 3887 2073 3974 usque

393 3997 405 4020 “
447 3981 681 4070 inborreum
703 3979 928 4069 conducere.
965 3981 1138 4068 Similiter
1155 3982 1276 4076 eciam
1291 3982 1333 4066 in
1354 3997 1464 4098 prato
1486 4009 1560 4067 una
1582 3979 1643 4066 die
1663 3979 1878 4067 scindentes
1899 3977 2075 4097 gramine

448 4117 629 4198 rastrare,
659 4099 845 4216 capitone,
878 4098 1094 4188 conducere
1124 4114 1161 4186 et
1190 4099 1294 4186 linire
1323 4098 1431 4186 annis
1460 4097 1617 4218 singulis
1648 4100 1722 4186 sint
1742 4097 1893 4185 astricti.
1953 4093 2004 4181 Et
2023 4092 2075 4180 ad

369 4283 372 4290 .
446 4219 581 4306 festum
603 4216 747 4305 Natalis
768 4215 916 4306 Domini
937 4217 1088 4331 quilibet
1108 4245 1237 4304 eorum
1258 4246 1369 4304 unum
1391 4215 1597 4334 plaustrum
1619 4217 1805 4335 lignorum
1827 4214 1876 4300 de
1896 4213 2075 4300 siluauo·

447 4351 526 4422 stra
547 4338 583 4423 in
604 4335 756 4425 domum
777 4351 945 4424 nostram
959 4334 1181 4424 conducere
1201 4336 1431 4424 tenebuntur.
1493 4333 1543 4423 Et
1564 4335 1682 4421 eciam
1704 4331 1780 4422 duo
1803 4347 1840 4420 et
1860 4329 1935 4418 duo
1965 4328 2077 4416 simul-

449 4451 499 4538 ad
519 4454 639 4541 lorum
660 4481 729 4570 pru
751 4456 978 4571 necessarijs
999 4451 1106 4540 nobis
1128 4447 1271 4541 debent‘
1282 4457 1467 4572 equitare,
1490 4451 1596 4542 etad
1618 4453 1699 4540 vias
1721 4452 1783 4538 ubi
1804 4452 1913 4538 luerit
1931 4475 2074 4566 oppor-

450 4667 590 4819 ῃὼῑιβ)
619 4670 653 4734 ln
669 4691 705 4735 ea
719 4671 845 4755 regione
861 4677 1021 4736 occurrunt
1035 4669 1120 4735 villae
1135 4657 1229 4736 Bata
1249 4675 1279 4736 et
1295 4667 1404 4754 Baby,
1426 4677 1493 4734 utra
1512 4667 1561 4735 bic
1575 4654 1765 4754 intelligenda
1796 4667 1851 4745 sit,
1874 4663 1956 4733 baud
1981 4665 2076 4752 liquet

554 4832 594 4919 (⁴)
622 4835 903 4921 ntiqutdcmioun
920 4857 986 4902 esse
1000 4838 1125 4912 ridetur.
1181 4835 1184 4843 '
