4896 5926
1136 737 1385 814 ..73-

445 941 658 1064 priuilegia,
686 967 760 1058 que
780 938 931 1028 illustris
951 940 1128 1057 princeps
1148 952 1305 1056 patruus
1318 949 1466 1045 *nostem
1492 937 1611 1026 felicis
1630 933 1932 1040 recordacionis,
1958 935 2077 1026 domi·

445 1092 518 1152 uus
546 1059 623 1146 dux
651 1057 882 1161 Kazimirus,
912 1070 950 1146 et
968 1056 1066 1146 ttius
1085 1087 1178 1146 snus
1199 1056 1371 1146 dominus
1400 1055 1477 1142 dux
1505 1055 1768 1144 Zemomislius
1793 1055 1910 1142 fratm
1936 1069 2077 1158 noster,

447 1175 755 1266 Wiudisiouiensi
782 1189 820 1262 et
848 1173 1102 1264 Crusniciensi
1116 1175 1300 1264 'ecclesiis
1325 1174 1578 1280 contulerunt,
1608 1185 1721 1292 prout
1746 1172 1782 1258 in
1802 1170 1934 1259 litteris
1958 1201 2078 1290 super

444 1294 515 1384 biis
545 1296 728 1382 consectis
754 1295 978 1401 continetur,
1006 1292 1097 1381 datu
1123 1291 1202 1382 lida
1218 1293 1456 1410 promisimus
1483 1292 1741 1380 inuiolabiliter
1770 1289 1997 1378 obseruare:
2038 1283 2077 1378 et

444 1413 495 1502 ab
521 1412 694 1501 omnibus
722 1413 861 1500 nostris
892 1411 1183 1501 successoribus
1212 1441 1258 1498 es
1286 1411 1323 1498 in
1350 1425 1569 1530 perpetuum
1597 1409 1842 1498 decernimus
1865 1408 2074 1524 obsuruurjs

443 1528 644 1620 Predictcs
665 1531 778 1650 igitur
798 1529 989 1618 libertates
1022 1545 1061 1618 et
1083 1530 1280 1650 priuilegia
1299 1529 1546 1634 ratificamus,
1575 1528 1833 1646 approbamus
1858 1539 1897 1612 et
1916 1545 2075 1644 presen-
2098 1579 2099 1583 κ

444 1649 542 1738 tibus
577 1647 856 1738 confirmamus.
907 1643 960 1734 Ut
993 1663 1118 1736 antem
1154 1648 1227 1734 bec
1261 1661 1394 1736 nostra
1428 1647 1673 1736 confirmacio
1708 1660 1927 1762 perpetuum
1958 1643 2076 1732 robur

443 1765 627 1856 firmitatis
655 1765 838 1870 obtineat,
863 1764 965 1853 banc
983 1766 1161 1884 paginam
1188 1767 1305 1853 nostri
1325 1765 1435 1885 sigittj
1458 1765 1663 1853 munimine
1683 1764 1840 1852 sommus
1857 1761 2073 1878 rob(or)ru]’.
2209 1783 2214 1792 ·

444 1881 585 1974 Dabam
605 1913 706 1972 anno
726 1882 865 2003 dominj
886 1882 944 1971 Μο
966 1881 1290 1972 cc⁰Lx·V111⁰.

883 2301 888 2309 ·
1057 2307 1093 2420 η
1185 2263 1340 2382 xciv.

902 2533 1248 2633 mwtntae,
1275 2554 1431 2622 ummo
1457 2531 1625 2622 1268.

484 2733 753 2826 rnmppus
773 2735 930 2812 mum
943 2737 1118 2830 utacum
1138 2736 1304 2829 pantenu
1325 2737 1481 2812 mucuns
1502 2734 1755 2810 maudunensi
1775 2737 1810 2811 ot
1829 2733 2034 2811 munuum

537 2933 542 2940 Ι
595 2906 616 2952 ⁸
819 2838 1036 2914 sumnum
1056 2839 1142 2914 uus
1164 2838 1313 2934 brpmuu
1333 2840 1452 2914 cubate
1473 2836 1697 2925 somnum.

546 3067 661 3148 1280.
710 3057 926 3149 Uenerobili
955 3060 991 3147 in
1021 3059 1171 3147 Cbristu
1201 3063 1297 3176 patri
1317 3126 1359 3146 ..
1387 3061 1481 3173 (sic)
1516 3059 1578 3150 dci
1606 3059 1739 3181 grecia
1773 3057 1990 3180 Episcopo,
2025 3086 2074 3146 uc

443 3177 590 3268 dilectis
609 3179 694 3296 fitijs
714 3248 725 3270 .
745 3243 755 3264 .
775 3179 859 3290 (sic)
889 3177 1062 3296 Capituto
1090 3176 1416 3284 Wiadizluuiensi,
1451 3177 1648 3296 Phitippus
1674 3177 1922 3297 miseracione
1948 3173 2073 3266 diuina

441 3297 643 3384 Firmanus
683 3293 923 3414 Episcopus,
966 3294 1186 3412 Apostolice
1220 3295 1325 3384 sedis
1359 3296 1508 3415 legatus
1544 3295 1702 3384 salutem
1742 3307 1783 3382 et
1815 3295 2000 3382 sinceram
2036 3296 2073 3382 in

441 3413 595 3502 domino
616 3414 820 3500 caritatem.
872 3415 966 3502 Cum
986 3442 1010 3500 a
1031 3414 1141 3502 nubis
1162 3415 1307 3532 petitur,
1337 3413 1439 3533 quod
1460 3415 1595 3503 iustum
1617 3429 1676 3502 est
1695 3425 1733 3502 et
1752 3411 1967 3513 honestum,
1998 3427 2072 3500 tam

442 3533 556 3649 uigor
576 3531 764 3734 epuitutis,
792 3559 905 3650 quarn
925 3528 1022 3620 ordo
1042 3533 1159 3735 exippt
1178 3533 1348 3635 rationis,
1379 3545 1419 3618 nt
1438 3563 1508 3651 per
1526 3529 1810 3620 sollicitudinem
1832 3529 1950 3618 nostri
1970 3527 2071 3648 obitij

443 3648 545 3762 (sic),
573 3675 599 3734 a
644 3645 810 3736 debitum
830 3647 1101 3769 perducature
1142 3665 1275 3738 ectum.
1324 3647 1385 3736 Ea
1417 3665 1573 3767 propter
1601 3650 1736 3737 uestris
1757 3649 1862 3736 iustis
1883 3645 2073 3766 supplica-

440 3764 606 3856 tionibus
624 3781 739 3972 prato
759 3781 1029 3856 concurrentes
1048 3796 1228 3856 assensu:
1257 3766 1476 3875 libertatem,
1506 3766 1775 3874 auctoritatem,
1804 3766 2074 3970 ut‘cxempoio·

440 3915 547 3990 nem,
583 3913 633 3972 uo
661 3885 694 3972 is
720 3899 758 3972 et
786 3884 961 3974 Ecclesia
990 3899 1119 3973 vestre
1147 3913 1358 3974 concessas
1385 3913 1410 3972 a
1436 3881 1561 3974 Nobili
1585 3886 1670 3972 viro
1697 3881 1938 3972 Zemomislio
2003 3913 2074 3971 nce

443 4006 622 4118 utpotae,
649 4001 699 4090 de
719 4004 854 4092 incolis
879 4019 918 4092 et
936 4001 1207 4092 bubitutoribus
1227 4001 1396 4090 villarum
1416 4017 1454 4091 et
1474 4001 1642 4090 locorum
1663 4016 1893 4104 uestrorum,
1922 4013 1959 4088 ct
1978 3999 2073 4088 uiias

439 4149 557 4240 super
576 4119 823 4212 hedificandis
844 4120 1053 4212 ciuitatibus
1074 4133 1111 4207 et
1132 4119 1414 4228 munitionibus,
1439 4135 1554 4238 prout
1571 4121 1607 4208 in
1630 4117 1826 4242 priuilegio
1847 4119 1928 4206 eius
1949 4113 2072 4323 sipbibo
2151 4171 2154 4176 ·

439 4241 581 4328 munito
609 4241 775 4330 cemitur
801 4239 1003 4348 contineri,
1037 4241 1143 4328 cuius
1168 4253 1347 4328 tenorem·
1362 4238 1412 4328 de
1437 4237 1556 4328 uerbo
1576 4237 1627 4326 ad
1648 4237 1803 4327 uerbum
1834 4250 1998 4355 presenti
2026 4263 2073 4321 us
2190 4277 2194 4284 ·

439 4356 597 4447 brimus
615 4359 800 4467 annotari,
827 4358 924 4450 sicut
942 4359 1010 4448 rite
1031 4372 1067 4448 et
1087 4356 1246 4478 procide
1264 4359 1364 4448 facte
1382 4373 1469 4448 sunt
1489 4373 1526 4447 et
1546 4386 1744 4462 concesse,
1763 4365 1868 4444 ratas
1888 4352 2072 4490 babentes

542 4604 746 4692 t¹tE1ueu
850 4611 1081 4710 mumurantem
1094 4609 1370 4710 suarmrnpmu
1384 4608 1636 4709 mqunumnsu
1670 4607 1807 4696 sigttum
1821 4603 1952 4673 conius
1977 4688 1984 4702 Ι
2006 4623 2072 4688 rga-
2112 4629 2116 4634 ·

438 4711 755 4858 mm
770 4715 981 4848 roffi
993 4692 2074 4898 fflfflffiiffiimfflffibuiii

285 4919 297 4939 .
438 4860 610 4934 bubcntmu.
