4878 5942
1130 657 1401 732 ..344-

452 863 608 950 salutem
628 862 664 949 in
685 859 850 948 domino.
881 857 1122 948 Uniuersitati
1144 871 1269 946 uestre
1289 857 1525 946 notificamus
1547 887 1615 976 per
1634 871 1842 976 presentes·
1863 855 1984 974 Quod
1998 857 2080 948 Re·

453 979 642 1074 verendus
663 980 699 1067 in
720 977 870 1067 Christo
906 993 1013 1096 pater
1052 977 1223 1064 dominus
1244 977 1454 1084 Henrious,
1484 976 1544 1064 dei
1571 978 1704 1096 grauia
1730 974 1948 1094 Episcopus
1968 975 2109 1067 wia..

452 1099 708 1202 dislaviensis‚
739 1127 808 1215 pro
837 1096 1110 1215 complemento
1141 1094 1260 1184 finalis
1289 1095 1492 1184 solucionis
1522 1097 1580 1182 sui
1608 1097 1817 1184 communis
1845 1095 2014 1214 seruioij‚
2043 1097 2080 1184 in

480 1248 528 1307 uo
549 1247 701 1305 oannere
721 1216 930 1332 apostolice
950 1215 1022 1304 sub
1044 1215 1156 1302 certis
1178 1217 1285 1331 penis
1306 1229 1343 1302 et
1363 1215 1588 1332 sentencijs,
1620 1217 1775 1302 racione
1805 1211 1905 1304 dieta
1924 1245 1994 1304 sue
2014 1245 2079 1314 ec·v

451 1251 577 1439 blesie,
590 1337 705 1424 extitit
719 1334 922 1422 ellieaoiter
937 1334 1138 1452 obligatus,
1156 1333 1341 1419 ducentos
1358 1333 1557 1420 tresdecim
1576 1332 1832 1420 llorenosauri
1849 1332 1899 1420 de
1914 1361 2078 1432 camera,

451 1473 488 1544 et
496 1455 642 1544 solidos
657 1456 809 1573 triginta
826 1483 937 1541 unum
954 1465 1103 1539 monete
1125 1451 1308 1553 Romane,
1321 1452 1429 1538 nobis
1446 1451 1494 1539 nil
1505 1454 1585 1565 (sic)
1596 1450 1811 1564 sulutolsic)
1822 1483 1936 1546 sacro
1958 1452 2080 1540 Colle-

452 1573 764 1695 giodomino'rum
788 1570 1053 1673 Cardinalium,
1076 1586 1112 1656 et
1133 1600 1202 1687 pro
1223 1585 1329 1688 parto
1351 1573 1467 1688 partis
1488 1587 1650 1682 quatuor
1665 1570 2081 1662 minutorumservicio·

451 1723 533 1782 rum
554 1705 820 1782 consuetorum
843 1689 1050 1778 debitorum
1078 1719 1148 1808 pro
1184 1689 1423 1777 familiaribus
1445 1707 1480 1778 et
1501 1688 1722 1776 officialibus
1739 1686 1826 1775 dicti
1848 1689 1987 1778 domini
2008 1716 2078 1776 no·

452 1811 519 1900 stri
540 1809 665 1928 Papa,
696 1811 731 1898 in
754 1809 888 1929 quibus
910 1809 1075 1896 similiter
1103 1807 1219 1896 extitit
1248 1807 1455 1925 obligatus,
1487 1809 1637 1928 triginta
1659 1836 1730 1894 sex
1750 1807 1889 1895 similes
1910 1808 2080 1896 florenos

452 1946 489 2018 et
509 1929 652 2018 solidos
674 1927 807 2015 decem
829 1943 866 2016 et
886 1957 1021 2016 novem
1052 1925 1150 2014 dicte
1181 1941 1330 2014 monete
1362 1927 1558 2029 Rornane,
1593 1925 1749 2013 Clericis
1780 1924 1942 2014 Comere
1971 1927 2078 2044 Apo-

452 2048 586 2136 stolice
604 2051 758 2165 proprio
780 2045 910 2136 e'orum
943 2059 980 2130 et
999 2045 1156 2132 aliorum
1184 2044 1412 2132 familiarium
1434 2060 1472 2134 et
1492 2043 1702 2132 officialium
1733 2041 1821 2132 dicti
1850 2042 1989 2132 domini
2011 2071 2077 2130 no·

452 2167 519 2254 stri
545 2165 654 2284 Pape
683 2165 832 2252 nomine
861 2165 1143 2279 recipientibus,
1183 2193 1251 2278 per
1281 2194 1413 2250 manus
1443 2162 1683 2251 honorabilis.
1704 2164 1771 2250 viri
1798 2162 1937 2252 domini
1975 2161 2079 2249 Petri

453 2281 580 2372 Adolli
602 2283 759 2370 rectoris
789 2280 1016 2399 parochialis
1044 2281 1206 2368 ecclesie
1237 2295 1368 2368 sancte
1401 2282 1603 2371 Catberine
1634 2309 1752 2400 prope
1785 2280 2078 2381 Wratislaviam,

360 2473 363 2484 .
453 2401 515 2488 die
536 2401 706 2489 datorum
728 2401 981 2518 presencium,
1003 2415 1172 2518 tempore
1193 2399 1319 2489 debito
1340 2401 1435 2488 solvi
1456 2402 1541 2488 lecit
1563 2399 1713 2487 realiter
1733 2429 1817 2486 oum
1839 2401 1987 2488 ellectu.
2019 2399 2078 2486 De
2204 2407 2209 2416 '

453 2520 587 2640 quibus
607 2520 663 2606 sic
683 2517 781 2606 datis
801 2531 839 2607 el
859 2519 992 2606 solutis
1014 2517 1151 2606 dictum
1182 2516 1370 2605 dominum
1400 2519 1606 2607 Henricum
1636 2516 1889 2637 Episcopum,
1922 2521 2077 2636 eiusque

451 2635 614 2726 heredes
634 2652 671 2726 et
690 2666 939 2725 successores
960 2652 997 2724 et
1018 2635 1155 2724 dictam
1177 2667 1284 2725 suam
1306 2637 1524 2740 ecelesiam,
1555 2650 1686 2724 tenore
1721 2636 1956 2753 presencium
1995 2636 2076 2754 qui·

450 2771 573 2846 tarum
593 2757 693 2870 (sio),
723 2755 954 2844 absolvimus
980 2769 1018 2842 et
1052 2757 1172 2842 eciam
1193 2753 1403 2842 liberamus.
1452 2753 1592 2842 Verum
1613 2753 1799 2842 intellecta
1819 2753 1916 2842 mole
1936 2783 2076 2873 grava·

451 2877 588 2963 minum
609 2904 679 2992 pro
700 2888 807 2992 parte
828 2871 913 2960 dieti
933 2871 1150 2962 Reverendi
1181 2875 1297 2989 petris
1319 2872 1458 2964 domini
1478 2872 1633 2962 Henrioi
1653 2872 1834 2992 Episcopi
1855 2902 1986 2962 eoram
2005 2903 2076 2962 no·

454 2995 513 3081 bis
534 2993 727 3110 exposita,
758 3022 832 3110 que
854 2991 975 3109 ip'sum
996 2989 1046 3077 ad
1068 2989 1291 3080 soluendum
1307 2991 1355 3096 id,
1377 2995 1412 3079 in
1433 3021 1508 3112 quo
1530 2991 1628 3078 ‹licle
1649 2990 1810 3079 Camere
1831 3022 1902 3109 pro
1923 2990 2077 3094 residuo

453 3111 636 3202 dictorum
665 3123 827 3225 quatuor
855 3113 1076 3197 minutorum
1109 3108 1354 3210 serviciorum
1383 3119 1668 3213 consuetorum,
1700 3111 1854 3200 racione
1887 3109 1987 3197 dicte
2007 3139 2076 3199 sue
2143 3136 2148 3146 ·

452 3230 614 3319 ecclesie
634 3229 750 3318 extitit
770 3225 973 3316 efficaciter
993 3227 1200 3347 obligatos,
1221 3227 1382 3316 reddunt
1402 3229 1646 3322 verisimiliter
1668 3230 1927 3347 impotentem,
1948 3241 2077 3317 aucto·

450 3351 559 3438 ritate
578 3347 787 3464 apostolica
804 3347 912 3436 nobis
928 3346 964 3433 in
980 3345 1053 3436 hae
1065 3362 1172 3464 parte
1188 3376 1385 3446 concessa,
1396 3347 1586 3436 terminum
1603 3345 1774 3439 iacienda
1789 3346 1994 3434 solucionis
2009 3344 2077 3434 hu·

451 3465 613 3556 iusmodi
625 3464 763 3552 residui
778 3465 999 3552 minutorum
1016 3465 1257 3554 serviciorum
1277 3466 1462 3582 usquead
1479 3467 1612 3552 lestum
1628 3464 1923 3552 resurreccionis
1939 3463 2078 3552 domini

451 3584 570 3672 nostri
590 3582 682 3670 lesu
706 3582 864 3690 Christi,
885 3583 1053 3700 proxime
1084 3584 1260 3688 loturum,
1282 3613 1551 3704 prorogamus,
1583 3599 1620 3672 et
1640 3582 1689 3669 de
1710 3613 1811 3671 novo
1832 3583 2075 3700 assignamus

452 3700 593 3808 eidem3
623 3702 674 3788 ita
696 3715 838 3804 tamen,
869 3697 970 3816 quod
999 3702 1030 3786 si
1050 3701 1086 3787 in
1108 3701 1302 3794 solucione
1328 3699 1541 3792 huiusmodi
1569 3701 1751 3790 deleee'rit
1771 3702 1807 3788 io
1827 3701 1986 3790 termino
2006 3699 2076 3790 sibi

451 3820 501 3910 de
520 3846 622 3908 novo
643 3819 863 3922 constituto,
886 3819 993 3932 penis
1013 3831 1052 3904 et
1071 3821 1291 3938 sentencijs,
1315 3821 1449 3956 quibus
1468 3836 1580 3909 antea
1602 3819 1799 3940 ligabatur,
1820 3821 1869 3906 sit
1888 3821 2074 3924 astrictae,
2108 3821 2113 3831 ’

452 3955 491 4076 et
510 3969 594 4145 curm
614 3937 651 4024 in
661 3934 740 4140 ‚bip‘s
761 3935 914 4052 seriptis,
937 3933 1176 4024 declaramus
1198 3938 1377 4056 astringi,
1409 3949 1447 4024 et
1467 3939 1587 4056 ipsum
1618 3939 1654 4026 in
1683 3935 1837 4026 easdem
1866 3937 2074 4026 reincidere

450 4070 674 4264 blladllls
695 4173 805 4290 ollieij
827 4174 1002 4262 iussimus
1021 4175 1255 4376 appensione
1275 4175 1419 4264 muniri.
1456 4174 1592 4264 Datum
1612 4183 1753 4263 Bonane
1772 4172 1872 4293 apud
1895 4175 2073 4264 Sanctum

451 4294 623 4400 Petrum,
655 4291 726 4382 sub
746 4320 847 4379 anno
868 4289 1005 4380 domini
1026 4292 1217 4380 milesium
1238 4297 1503 4387 trecentesimo
1524 4295 1773 4499 nonagesimo
1793 4307 1939 4411 quartu,
1960 4292 2075 4382 indic·

452 4413 561 4498 cione
591 4409 775 4516 secunda,
807 4407 868 4498 die
899 4409 1172 4530 quintadecima
1203 4413 1341 4498 mensis
1370 4413 1489 4530 Junij,
1520 4413 1621 4530 ponti
1650 4427 1757 4500 catus
1783 4412 2016 4501 Sanctissimi
2038 4413 2074 4500 in

454 4528 605 4617 Christo
641 4530 760 4647 patris
788 4545 826 4616 et
854 4527 993 4616 domini
1014 4530 1130 4617 nostri
1162 4527 1298 4618 domini
1330 4529 1516 4648 Bonilaoij
1545 4530 1668 4620 divina
1697 4527 1938 4650 providencia
1966 4530 2075 4648 Papa
2235 4599 2243 4610 ,

451 4648 561 4750 noui,
591 4675 691 4734 anno
738 4648 851 4734 uinto.

541 4763 594 4854 Μ.
625 4764 665 4852 S.
781 4765 829 4851 D.
862 4764 907 4852 C.
958 4763 1149 4879 (Marinus
1170 4766 1312 4854 Sancte
1332 4765 1552 4856 Marianoue
1572 4765 1766 4856 Diaconos
1788 4765 2033 4878 cardinalis).

717 4081 915 4173 nquorum
931 4055 1188 4161 testimonium,
1209 4072 1406 4173 presentes
1426 4057 1553 4148 literas
1573 4056 1652 4146 beri
1674 4073 1710 4148 et
1730 4056 1840 4176 sigilli
1861 4058 1979 4148 nostri
1999 4056 2075 4146 Ca·
2167 4139 2171 4146 .
