4878 5942
957 685 960 696 ¹
1068 731 1113 746 -··
1168 691 1242 766 289
1298 729 1341 746 -·

388 895 474 1100 qtae
490 894 657 1003 uiuente3
693 923 741 982 eo
761 908 885 984 autem
906 909 1075 998 mortuo,
1110 891 1384 984 defunctoriam
1404 923 1476 1012 pro
1496 893 1620 983 anima
1641 893 1777 1012 ipsius,
1813 896 1951 989 sabato
1970 898 2019 988 de

417 1013 543 1100 omina
564 1013 701 1102 missas
724 1013 929 1102 celebrare.
949 1008 1000 1098 Et
1022 1013 1369 1130 quocienscumque
1390 1011 1551 1128 aliquam
1572 1015 1772 1102 missarum
1795 1016 2020 1135 negligeret,

388 1131 542 1248 vicarijs
562 1130 931 1220 wladislauiensibus
951 1127 1196 1242 di(midium?)
1248 1159 1398 1219 rossum
1420 1129 1691 1220 bohemicalem
1721 1132 1780 1220 vel
1803 1136 2019 1252 equipolen·

389 1263 463 1340 teor
485 1251 522 1336 in
544 1249 737 1338 usualibus
767 1247 937 1365 denarijs
966 1277 1161 1335 numerum
1182 1160 1334 1338 soluere
1356 1249 1558 1358 tenebitur,
1589 1250 1640 1338 ad
1661 1248 1736 1336 hoe
1756 1251 2019 1368 perabstrac-

389 1366 535 1456 aionem
557 1383 804 1484 prouentuum
827 1367 967 1456 vicarie
988 1395 1059 1483 pro
1079 1379 1180 1471 rata,
1209 1397 1280 1485 per
1299 1370 1524 1456 vicariorum
1545 1384 1830 1486 procuratorem
1852 1375 2019 1490 compel-

387 1483 738 1574 lendus..Utautem
756 1485 827 1572 bec
843 1501 973 1574 nostra
989 1483 1163 1574 vendicio
1178 1485 1383 1608 altarisque
1399 1489 1461 1605 pia
1475 1503 1512 1576 et
1524 1488 1685 1576 salubris
1698 1490 1858 1606 protecti
1869 1487 2019 1579 dotaoio

315 1667 320 1676 ,
388 1601 628 1720 perhenniter
647 1601 869 1692 inuiolabilis
890 1618 1128 1721 perseueret,
1150 1617 1364 1720 presentem
1384 1607 1562 1724 paginam
1583 1620 1717 1694 nostro
1738 1605 2018 1696 wladislauien-

388 1721 519 1837 sisque
548 1722 702 1840 capituli
728 1721 859 1842 sigillis
880 1720 1039 1839 prouida
1061 1721 1234 1810 duximus
1264 1725 1494 1810 communiri.
1529 1723 1666 1810 Actum
1689 1739 1724 1810 et
1746 1723 1873 1812 datum
1895 1733 2018 1832 Brea,

386 1835 475 1925 llll⁰
497 1838 682 1927 kalendas
703 1841 843 1927 mensis
865 1839 1040 1960 Augusti,
1062 1869 1163 1936 anno
1185 1839 1325 1926 domini
1341 1841 1535 1930 millesimo
1553 1841 1675 1928 CCC⁰
1692 1843 1855 1960 quinqua
1887 1847 2018 1934 esimo.

363 1953 637 2046 ·-Presentibus
658 1957 942 2046 honorabilibus
961 1970 1001 2044 et
1016 1955 1192 2046 discretis
1207 1959 1307 2060 viris,
1329 1959 1498 2046 dominis:
1521 1954 1733 2046 Praedslan
1749 1873 2017 2050 archidiacono

310 2085 314 2093 '
386 2077 618 2192 gneznensi,
641 2075 801 2191 Sbyluto
822 2075 1011 2192 plocensi,
1029 2074 1211 2280 Trop3ano
1232 2078 1496 2192 poznaniensi‚
1523 2075 1684 2194 Sbyluto
1704 2077 2018 2184 <wladislauiensi,

387 2193 615 2308 prepositis3
637 2193 830 2314 Bogulalo
852 2194 1077 2299 scolastico,
1146 2193 1312 2282 orzislao
1334 2209 1490 2284 cantore
1511 2193 1878 2286 u’ladislauiensibus
1899 2211 1937 2286 et
1957 2227 2018 2284 oa·

387 2311 533 2398 noniois
554 2313 800 2400 ecclesiarum
823 2341 909 2398 oum
932 2312 1068 2400 ceteris
1088 2310 1164 2399 lide
1185 2311 1324 2432 dignis,

1095 2576 1308 2692 texult.

506 2807 788 2907 mamma,
814 2829 969 2897 mmo
994 2807 1135 2896 1³51
1161 2795 1254 2896 atta
1279 2807 1354 2895 22
1378 2753 1580 2894 meniis
1603 2811 1898 2897 damnanti.

441 3013 665 3088 lomes
676 3012 849 3090 duodena
862 3011 1135 3088 maurianensis
1155 3012 1263 3088 attan
1278 3013 1439 3084 somaro
1453 3011 1576 3104 uatum
1589 3011 1796 3107 cernuam
1811 3015 1961 3091 aunam!

844 3121 848 3134 ·
901 3115 1024 3189 cotona
1037 3115 1295 3208 uamaataatan
1318 3115 1441 3196 oonton
1454 3113 1464 3202 t
1471 3113 1503 3200 ¹).

285 3399 292 3408 ,
487 3305 530 3392 ln
550 3307 701 3393 nomine
722 3303 878 3410 domini
900 3333 1021 3391 amen.
1053 3304 1304 3422 Antiquarum
1327 3303 1498 3392 decreuit
1517 3305 1705 3423 prouisio‚
1726 3335 1799 3392 nec
1819 3304 2017 3420 displiceat

385 3425 540 3544 ingenio
570 3421 850 3528 modernorum,
872 3436 914 3509 ut
939 3423 1040 3508 lacta
1066 3421 1254 3510 hominum
1285 3425 1536 3541 perpetuitate
1571 3422 1787 3544 indigenoia
1815 3421 2016 3510 litterarum

388 3539 598 3630 testimonio
626 3535 912 3659 perhennentur.
952 3539 1052 3626 Hine
1074 3556 1141 3642 est,
1164 3540 1267 3657 quod
1288 3569 1359 3628 nos
1385 3539 1562 3648 Mathias,
1594 3541 1719 3630 diuina
1751 3555 1787 3630 et
1806 3541 2016 3659 apostolice

387 3659 756 3776 sedis'prouidencia
784 3657 946 3746 ecclesie
968 3657 1283 3748 wladislauiensis
1305 3661 1531 3780 episcopus,
1559 3689 1738 3748 unacum
1761 3661 1926 3780 capitulo
1948 3691 2016 3747 no-

386 3791 468 3872 stro
489 3775 807 3882 wladislauiensi,
838 3777 1043 3894 cupientes
1065 3791 1102 3864 ut
1124 3779 1178 3864 rei
1206 3793 1317 3897 geste
1339 3779 1435 3865 inter
1464 3807 1537 3866 nos
1559 3794 1595 3867 et
1625 3779 1824 3896 capitulum
1847 3796 2015 3866 nostrum

386 3893 692 3983 wladislauiense
719 3893 943 4014 predictum,
974 3911 1011 3982 et
1038 3897 1251 4014 specialiter
1277 3897 1429 4011 lratrem
1457 3909 1625 3984 nostrum
1656 3897 1843 3983 dominum
1870 3895 2014 3981 dohan-

385 4042 483 4119 nem‚
504 4013 726 4100 canonicum
748 4011 1102 4117 wladislauiensem,
1124 4045 1170 4100 ex
1192 4043 1268 4101 una
1298 4029 1426 4131 parte,
1457 4030 1493 4099 et
1514 4011 1715 4099 discretum
1738 4015 1855 4098 virum
1876 4011 2014 4099 Zelco·

384 4159 469 4217 nem
491 4159 537 4216 ex
559 4129 690 4238 altera,
711 4123 811 4248 apud
834 4147 1012 4248 posteros
1034 4129 1211 4217 memoria
1232 4129 1585 4248 pleniorbabeatur,
1607 4143 1734 4216 notum
1756 4129 1912 4216 iacimus
1932 4133 2012 4215 uni-

384 4249 507 4336 uersis
527 4261 725 4364 presentes
753 4247 894 4334 litteras
915 4249 1161 4384 inspecturis:
1196 4245 1314 4362 Quod
1336 4245 1567 4333 honorabilis
1594 4245 1655 4354 yir
1676 4244 1849 4332 dominus
1871 4246 2012 4334 tonan:

385 4397 465 4468 nes,
488 4366 695 4459 canonicus
716 4379 847 4452 noster
867 4363 1183 4452 wladislauiensis
1205 4365 1389 4480 prelatus,
1421 4363 1483 4483 qui
1505 4365 1654 4449 nomine
1675 4363 1869 4484 prebende
1890 4379 1927 4451 et
1947 4395 2010 4451 ca-

384 4485 581 4594 nonicatus
604 4481 919 4570 wladislauiensis
940 4510 1085 4602 parwm
1108 4484 1359 4589 Seuerzsczo,
1390 4481 1678 4596 Popoutcealio
1705 4481 1853 4571 nomine
1874 4481 2010 4570 dictam
2083 4497 2093 4560 t
2164 4485 2180 4563 l

485 4716 528 4800 (¹)
569 4717 616 4784 Ea
630 4715 793 4806 eruoqpo
813 4717 1045 4785 membranaceo
1067 4714 1206 4782 tabidarii
1223 4681 1347 4802 capitali
1368 4715 1638 4784 wladislauiensis
1673 4717 1812 4786 Duorum
1832 4717 2010 4802 sigillorum.
2040 4771 2045 4782 .

384 4821 462 4888 quaa
473 4800 536 4888 jam
550 4801 770 4880 caldunum,
784 4809 948 4888 supersunt
958 4799 1081 4870 lamiouli
1096 4801 1186 4892 seriei
1200 4800 1309 4868 eoloris
1322 4801 1435 4871 uiridia.
1973 4849 2008 4874 -,

485 4921 574 4972 Tarans
591 4919 623 4970 Π.
1637 4969 1645 4988 Ι
1772 4960 1778 4971 ,
1808 4919 1840 4974 3ῑ
