4878 5942
1138 862 1183 874 -
1227 821 1311 896 -342
1367 859 1411 872 -

620 1357 903 1452 Brecttac,
931 1375 1086 1444 anno
1114 1355 1264 1444 1³94
1296 1293 1389 1443 dte
1415 1355 1446 1440 1
1473 1354 1675 1440 mcum
1701 1356 1924 1460 Aprtttn
1965 1469 1970 1478 Ι

547 1547 852 1634 homuncium
865 1559 1009 1642 moeno
1023 1563 1057 1634 et
1070 1561 1187 1629 Bezeee
1201 1558 1285 1634 citus
1300 1555 1722 1632 ecclesiactttcdtstauienct
1736 1557 1934 1654 adjudicatur
1947 1560 1996 1644 (¹).
2044 1535 2046 1542 ¹

559 1749 644 1840 Nos
664 1745 846 1839 Nicotaus
859 1747 979 1868 judex
1000 1750 1215 1840 brescensis
1236 1749 1549 1869 recognoscimus
1571 1748 1775 1852 uniuersis,
1810 1748 1860 1836 ad
1880 1779 1978 1866 quos
1999 1777 2086 1869 pcr-

458 1872 602 1962 uenerit
618 1900 779 2007 presens
799 1873 997 1988 scriptum:
1019 1869 1121 1987 quod
1142 1899 1227 1955 cum
1243 1871 1278 1955 in
1294 1870 1493 1984 presencia
1510 1867 1736 1984 serenissimi
1750 1869 1928 2006 principis
1948 1868 2087 1957 domini

457 2021 506 2079 ac
526 1988 664 2079 dommi
685 1987 904 2094 Semouithi,
924 1985 984 2075 dei
1004 1989 1136 2107 gracia
1157 1985 1264 2074 ducis
1279 1986 1456 2074 Mazouie
1472 1984 1701 2102 etCuyauie,
1721 2002 1758 2075 et
1778 1984 1972 2106 Nobilium
1986 2003 2087 2076 terre

458 2108 693 2197 dominorum
708 2107 1054 2224 'infrascriptorum
1077 2104 1257 2193 videlicet:
1282 2104 1449 2191 Crzesiai
1479 2105 1628 2221 palatini
1652 2105 1920 2222 CuyauiensiS,
1942 2105 2087 2196 Alberti

456 2227 690 2330 Brestccsis,
721 2224 908 2311 dohannis
930 2224 1266 2328 Cruszuicziensis,
1301 2221 1452 2310 Cristini
1474 2221 1746 2327 KowaiiensiS,
1768 2224 1971 2312 casteianis
1992 2223 2086 2336 (sio),

456 2345 655 2434 Benikone
665 2341 748 2455 (sic)
758 2355 918 2459 protunc
938 2343 1136 2458 capitaneo
1144 2341 1341 2429 Brestensi
1350 2341 1444 2454 (sic),
1456 2339 1641 2429 Meczsiai
1652 2339 2085 2460 Subcamerarijdi'leozss

458 2464 528 2552 siai
557 2457 893 2565 vexilliferissaba
922 2456 1024 2574 (sio),
1054 2459 1240 2548 iohannis
1300 2459 1460 2566 toditem,
1490 2457 1679 2547 Lexandri
1706 2459 1805 2571 (sic)
1828 2459 2084 2578 subagezon'is

315 2627 331 2698 :t
453 2579 748 2699 cuyauiensibus
768 2580 866 2684 (sic),
898 2608 969 2666 nec
990 2579 1240 2667 annaliorum
1263 2490 1512 2683 dominorum,
1529 2607 1648 2696 penes
1669 2579 1945 2666 serenissimum
1967 2577 2082 2666 domi·

309 2735 312 2744 ·
457 2731 545 2789 oum
565 2698 699 2787 ducem
721 2712 758 2784 ct
778 2727 849 2785 nos
869 2696 1139 2802 residencium,
1170 2697 1350 2784 matheria
1381 2697 1460 2803 (sic)
1490 2697 1696 2815 questionis
1716 2693 2082 2786 intervenerabiiem

457 2819 575 2908 virum
596 2815 784 2904 dominum
806 2815 1014 2916 Nicolaum,
1035 2814 1564 2904 cantoremwtadisiauiensis
1586 2813 1774 2924 ecclesias
1797 2827 1956 2934 protunc
1975 2829 2082 2901 acto·

457 2965 538 3024 rem
559 2950 596 3022 et
616 2965 882 3052 possessorem
902 2933 1117 3044 hereditatis
1137 2939 1296 3020 Lnbotr'n
1312 2931 1421 3037 dicte,
1442 2963 1490 3020 ex
1511 2947 1618 3050 parte
1638 2931 1837 3019 reuerendi
1856 2933 1923 3020 viri
1943 2931 2084 3022 domiui

456 3051 611 3142 Heurici
634 3053 825 3171 episcopi,
855 3069 892 3141 et
913 3053 1033 3141 tocius
1059 3052 1207 3168 capituti
1233 3051 1402 3147 ,ecclesie
1423 3051 1592 3169 predicte
1612 3051 1944 3166 wladislauiensim
1976 3066 2083 3172 perte

457 3171 507 3259 ab
528 3201 622 3277 uua,
654 3187 691 3259 et
711 3172 856 3260 nobiles
879 3170 981 3261 viros
1001 3169 1248 3258 Przibislaum
1270 3185 1307 3258 et
1328 3169 1519 3258 Andream
1541 3169 1589 3255 dc
1610 3173 1753 3280 Bracae
1772 3167 1954 3278 heredes,
1975 3182 2083 3286 parte

456 3290 506 3378 ab
526 3290 645 3378 attera
674 3290 805 3378 fuisset
834 3301 918 3377 orta
956 3303 1111 3408 propter
1137 3290 1259 3400 lacum
1290 3301 1326 3375 et
1357 3289 1550 3406 granicias
1585 3290 1703 3406 ipsius
1731 3284 1854 3392 ianus,
1886 3290 1993 3408 inter
2012 3289 2082 3376 has
2149 3329 2152 3336 Α

456 3413 639 3497 Lubotln'n
659 3415 697 3496 et
715 3414 881 3494 Brzeezc
906 3405 1134 3496 hereditates
1161 3408 1361 3494 iacentem:
1413 3409 1476 3526 qui
1508 3398 1913 3526 quidemgv'cnerabiii's
1933 3409 1992 3496 vir
2011 3403 2081 3494 do·

455 3528 579 3614 minus
599 3541 732 3614 cantor
752 3556 836 3614 cum
857 3523 961 3614 totali
981 3527 1143 3644 capitulo
1164 3523 1476 3630 wladislauiensi,
1511 3551 1606 3612 vero
1625 3519 1843 3638 testimonio„
1855 3513 2084 3636 sufficienter

456 3644 657 3760 aprohauit
683 3645 777 3752 (sic)
806 3657 851 3730 et·
863 3644 1073 3760 allegoriter
1096 3645 1193 3756 (sic)
1223 3656 1454 3762 protestatus
1480 3655 1558 3747 est,
1597 3641 1706 3762 quod
1733 3641 1889 3760 predicti
1918 3641 2082 3730 heredes

454 3760 687 3851 Przibisiaus
708 3774 746 3847 et
764 3761 941 3848 Andreas
970 3759 1018 3849 de
1037 3769 1198 3866 Benace,
1230 3760 1279 3847 ad
1301 3761 1508 3878 predictum
1538 3761 1660 3848 lacum
1696 3759 1806 3848 nichil
1824 3762 1973 3878 penitus
1994 3762 2080 3849 iuri·
2212 3801 2217 3812 ·

455 3880 639 3968 diccionis
657 3877 799 3966 habere
820 3878 1083 3992 dinoscuntur:
1120 3878 1269 3966 tandem
1291 3907 1374 3982 nos,
1406 3878 1541 3967 auditis
1561 3880 1729 3995 partibus
1751 3881 1917 3998 utrisque
1937 3895 1975 3966 et
1991 3878 2081 3968 alie·

454 3997 681 4205 pacionibus
697 3995 914 4085 eorumdem
931 3999 1024 4112 (sic),
1039 3985 1372 4115 de‘consiliopuro
1388 4012 1425 4085 et
1439 3997 1600 4084 unanimi
1614 4026 1815 4102 consensu,
1835 4023 1884 4084 ac
1904 3995 2081 4086 mandato

407 4141 409 4144 ·
482 4117 594 4204 omini
605 4117 794 4322 principis
815 4115 997 4205 Semouiti
1018 4131 1056 4204 et
1075 4115 1310 4206 dominorum
1341 4117 1700 4234 suprascriptorum,
1731 4115 1868 4202 nulium
1899 4118 2082 4219 timentes·

455 4235 577 4324 solum
632 4265 717 4322 eum
745 4236 1059 4352 cunctipotentem
1089 4255 1158 4352 pre
1197 4233 1317 4322 oculis
1345 4233 1549 4340 habentes,
1585 4233 1788 4350 venerabili
1817 4236 1899 4322 viro
1928 4231 2081 4322 domino
2186 4263 2192 4272 ·

454 4349 617 4442 Nicoluo
638 4355 799 4460 cantori,
830 4381 903 4439 nec
923 4383 1000 4440 non
1020 4350 1173 4442 domino
1193 4350 1362 4440 Henrico
1383 4352 1513 4470 episoo
1542 4381 1584 4456 o,
1615 4365 1653 4438 et
1673 4351 1738 4438 toti
1758 4349 1919 4470 capituto
1941 4379 2080 4470 preno-

454 4471 594 4558 minato
613 4470 775 4559 ecclesie
806 4459 1138 4575 wladislauiensis,
1156 4499 1263 4558 -vero
1284 4499 1332 4558 ac
1352 4471 1450 4558 iusto
1471 4381 1608 4556 iudicio
1629 4481 1666 4554 et
1679 4470 1784 4586 jure,
1816 4469 2081 4587 perpetualiter

454 4585 752 4706 adjudicauimus
772 4601 810 4675 et
828 4589 1067 4706 presentibus
1096 4587 1356 4676 adiudicamus
1385 4585 1592 4706 predictum
1613 4585 1734 4672 lacum
1756 4617 1804 4674 ex
1824 4601 1902 4675 toto
1923 4617 1972 4675 ac
1991 4589 2080 4675 iota

557 4841 598 4956 (ι’)
640 4871 689 4939 Ex
702 4870 863 4959 archetypo
883 4871 1114 4942 mambranaceo
1132 4873 1272 4942 tabularii
1299 4873 1421 4960 capituli
1438 4871 1707 4943 Wiudislauiansis.
1735 4870 1828 4958 siguli
1842 4869 1961 4958 abrupti
1973 4891 2080 4958 supcr·
2104 4855 2109 4864 ’

454 4964 634 5029 osttuutuur
648 4957 778 5026 taeniota
798 4975 992 5047 pergameno.
1667 4979 1670 4986 .
