4878 5942
949 719 1305 794 «aos-

352 915 597 1038 pmuideneia
616 929 749 1008 sancte
765 919 998 1036 'gneznensis
1015 920 1177 1010 ecclesie
1191 917 1480 1037 archiepiscopi,
1496 935 1534 1008 ot
1548 919 1731 1009 baronum
1749 936 1978 1030 nostrorum,

353 1037 614 1156 palatinorum,
635 1035 925 1126 castellanorum
945 1065 993 1122 ac
1015 1037 1184 1153 judicum
1205 1037 1400 1154 injudicio
1420 1037 1717 1156 presidenoium,
1747 1042 1842 1130 inter
1862 1073 1978 1134 vene·

353 1156 508 1245 rabilem
536 1155 574 1244 in
597 1154 747 1244 Christo
774 1169 918 1273 patrem
945 1153 1133 1242 dominnm
1161 1155 1353 1258 Mathiam,
1376 1159 1593 1272 episcopum
1612 1150 1979 1268 -wlbdislauiensem,

353 1275 505 1364 nomine
525 1273 689 1364 ecclesie
708 1303 778 1360 suc
797 1271 1130 1374 wladislauiensis,
1161 1273 1346 1362 mediante
1367 1289 1614 1391 procuratore
1635 1305 1706 1364 suo
1728 1274 1881 1365 domino
1902 1277 1981 1366 Bo·

355 1393 491 1495 cislau,
521 1404 676 1480 cantore
698 1388 864 1478 eiusdem
886 1391 1050 1478 ecclesie
1070 1391 1387 1480 wladislauiensis
1409 1423 1457 1476 ex
1478 1422 1569 1494 una,
1590 1423 1638 1479 ac
1658 1394 1846 1482 danobum
1866 1394 1980 1484 lilium

321 1563 324 1570 ·
355 1510 490 1599 Vitalis
522 1508 712 1628 quondam
741 1507 789 1594 de
810 1515 1008 1614 Bctcowo,
1036 1539 1107 1596 nec
1132 1539 1208 1597 non
1228 1508 1342 1595 filiurn
1362 1507 1568 1625 Myldonis,
1591 1509 1677 1598 olim
1700 1513 1853 1629 palatini
1880 1512 1980 1600 Bne·
2022 1515 2032 1534 '
2121 1541 2128 1558 ¹

356 1629 507 1736 atensis,
527 1626 701 1715 videlicet
721 1626 875 1714 Petrum
892 1625 1118 1746 gladilerum
1139 1629 1406 1744 cnyauiensem
1428 1643 1536 1744 parte
1557 1657 1604 1714 ex
1620 1629 1752 1736 altera,
1781 1661 1897 1748 snper
1917 1631 1981 1718 vil·
2068 1649 2077 1686 ¹

356 1749 402 1836 lis
423 1762 461 1836 et
479 1744 748 1834 hereditatibus
776 1751 932 1858 Wynecz
946 1777 1116 1858 mcpncm
1137 1761 1174 1832 et
1190 1777 1352 1859 paruum
1372 1759 1410 1832 et
1424 1751 1594 1832 Sassula
1615 1743 1684 1858 (²),
1709 1751 1865 1836 materia
1888 1779 1981 1867 que·

356 1865 487 1954 stionis
507 1865 639 1952 luisset
658 1863 858 1970 suscitata3
897 1864 1066 1982 partibus
1086 1863 1319 1982 itaquehinc
1339 1863 1426 1950 inde
1447 1865 1541 1951 inter
1561 1894 1605 1951 se
1633 1866 1669 1950 in
1690 1865 1827 1953 iudicio
1850 1895 1981 1953 eoram

357 1984 468 2074 nobis
488 1981 700 2100 agentibus,
722 1979 952 2099 litigantibus
973 1995 1009 2068 et
1030 1979 1341 2100 proponentibus,
1363 2013 1436 2100 que
1456 1997 1493 2068 et
1514 1998 1691 2100 quantum
1713 1981 1808 2070 inter
1827 2013 1871 2071 se
1891 2013 1982 2100 pro·

238 2201 242 2206 ,
358 2129 501 2222 ponere
522 2112 561 2188 et
579 2129 699 2219 agere
715 2099 931 2188 voluerunt:
962 2096 1045 2188 Nos
1066 2099 1203 2188 auditis
1225 2114 1264 2188 et
1284 2099 1533 2188 consideratis
1554 2099 1772 2218 diligenter,
1795 2103 1984 2219 quainter

358 2251 403 2309 se
423 2233 550 2337 partes
570 2215 740 2336 predicte
766 2246 1023 2336 proposuere,
1052 2217 1327 2306 communicato
1349 2219 1508 2306 oonsilio
1539 2219 1700 2335 unanimj
1732 2219 1895 2306 omnium
1915 2219 1984 2306 ba·

359 2366 494 2426 nonum
514 2350 748 2440 nostrorum,
797 2366 928 2423 uorum
950 2337 1099 2423 nomina
1122 2351 1160 2422 et
1180 2335 1383 2454 dignitates
1404 2336 1557 2422 inferius
1578 2335 1809 2437 inseruntur,
1832 2335 1893 2423 dei
1912 2365 1983 2424 no·

361 2456 460 2542 mine
502 2445 705 2558 inuocato}
746 2368 854 2540 villas
887 2469 925 2540 et
956 2450 1185 2538 hereditates
1217 2465 1438 2569 prenotatas
1473 2452 1676 2539 venerabili
1704 2454 1799 2568 patrj
1833 2452 1985 2543 domino

360 2571 516 2679 Mathia,
538 2570 721 2688 episcopo
743 2585 779 2656 et
800 2570 962 2656 ecclesie
983 2599 1051 2656 sne
1071 2567 1364 2658 wladislauiensi
1385 2567 1570 2686 predicte,
1599 2599 1669 2684 per
1688 2567 1869 2656 Mathiam
1891 2571 1986 2659 ‘udi-
2139 2567 2142 2572 ’

339 2719 444 2778 cem
473 2701 643 2776 nostrum
670 2689 904 2776 brastansem
934 2715 991 2774 ac
1011 2716 1081 2804 per
1108 2686 1226 2806 ipsius
1255 2686 1487 2774 sentenciam
1518 2683 1749 2774 diffinitiuam
1778 2601 1986 2775 adiudicari

362 2804 620 2896 mandauimus
640 2835 710 2924 per
728 2820 946 2923 presentes,
960 2803 1048 2920 jure
1067 2808 1250 2922 perpetuo
1267 2801 1450 2892 tenendas
1483 2815 1522 2889 et
1541 2802 1796 2921 possidendas
1822 2802 1984 2922 paciliee

360 2941 398 3015 et
417 2923 558 3044 quiete,
587 2938 700 3042 prout
718 2923 817 3012 idem
837 2921 1010 3010 dominus
1038 2923 1243 3042 episcopus
1273 2933 1311 3010 et
1330 2922 1388 3020 sui
1415 2918 1715 3041 predecessores
1744 2952 1768 3010 a
1788 2921 1987 3012 retroactis

362 3041 611 3164 temporibus,
644 3043 750 3128 cuins
778 3041 816 3128 in
845 3041 1072 3130 eontrarium
1101 3040 1279 3128 memoria
1309 3069 1384 3129 non
1415 3040 1556 3143 existit,
1584 3039 1789 3157 prelibatus
1818 3040 1927 3129 villas
1948 3052 1988 3126 et

362 3160 591 3250 hereditates
610 3160 723 3278 pleno
744 3160 824 3248 iure
844 3173 881 3247 et
901 3159 1066 3248 dominio
1086 3157 1358 3277 possederunt:
1390 3155 1569 3276 predictis
1588 3157 1848 3246 nichilominus
1868 3157 1987 3245 laco·

362 3278 413 3368 bo
435 3291 478 3366 et.
491 3278 610 3367 Petro
623 3275 673 3366 ‚ct
689 3307 818 3366 eorum
840 3277 1022 3396 posteris,
1049 3305 1166 3394 super
1185 3275 1281 3364 villis
1302 3291 1339 3364 et
1357 3273 1628 3364 hereditatibus
1663 3275 1871 3393 prenotatis
1898 3300 1988 3392 per·

363 3411 515 3516 potuum
536 3395 729 3484 silencium
756 3397 1002 3514 imponentes,
1039 3393 1223 3482 Volentes
1244 3395 1398 3510 insuper
1418 3392 1571 3498 domino
1593 3393 1776 3512 episcopo
1807 3407 1845 3480 et
1864 3391 1989 3480 eccle-

364 3515 420 3604 sie
439 3513 749 3603 Wladislaniensi
769 3527 967 3618 annotate,
980 3511 1063 3600 zelo
1084 3511 1305 3602 deuooionis
1325 3509 1476 3616 inducti,
1496 3512 1668 3632 graciam
1683 3511 1811 3599 lacere
1831 3510 1990 3628 amplio-

363 3631 797 3750 rem,·prediotasvillas,
817 3631 991 3720 videlicet
1019 3638 1174 3746 Wynecr
1193 3661 1364 3744 mcpnum
1384 3644 1422 3716 et
1433 3661 1620 3744 paruum,
1649 3657 1697 3715 ac
1716 3633 1922 3715 Sossnlecm
1941 3655 1990 3716 eo
2086 3733 2091 3744 ,

357 3753 504 3870 jureet
523 3752 712 3858 libertate,
743 3751 879 3870 quibus
898 3749 972 3852 alie
1000 3749 1085 3837 ville
1106 3746 1275 3836 eiusdem
1296 3747 1437 3849 d'omini
1466 3747 1637 3866 episcopi
1658 3764 1696 3834 et
1715 3746 1879 3834 ecclesie
1899 3746 1992 3832 wla-

364 3867 620 3976 dislauiensis,
642 3899 741 3957 noue
761 3869 820 3960 vel
841 3869 916 3956 anti
946 3897 1013 3973 ne,
1033 3880 1185 3955 utuntur
1203 3881 1318 3985 atque
1338 3863 1526 3985 gaudent,
1548 3865 1739 3983 perpetuis
1761 3862 1991 3980 temporibus

365 3985 434 4074 lrui
455 3986 628 4076 volumus
654 4001 694 4074 et
713 3985 897 4106 gaudere.
919 3899 987 4073 (ht
1007 4001 1047 4073 ut
1065 3983 1137 4073 hec
1163 3985 1357 4072 sentencia
1385 3997 1423 4070 et
1441 3985 1575 4101 gracia
1604 3997 1753 4082 nostra,
1783 3980 1852 4065 rite
1874 3993 1911 4066 et
1931 4005 1992 4066 ra-

365 4103 599 4195 cionabiliter
633 4133 702 4219 per
740 4120 910 4206 nostrum
941 4102 1108 4220 jndicem
1139 4099 1346 4219 predictum
1376 4099 1634 4216 promulgata,
1665 4097 1781 4182 robur
1808 4095 1991 4184 lirmitatis

366 4223 553 4328 obtineat,
581 4236 781 4338 presentes
802 4219 928 4307 literas
957 4220 1066 4352 sigilli
1087 4217 1204 4332 nostrj
1234 4218 1433 4303 munimine
1460 4216 1616 4302 lecimus
1637 4215 1821 4300 roborari.
1853 4214 1992 4300 Actum

366 4355 405 4428 et
424 4338 550 4428 datum
570 4339 607 4426 in
627 4343 782 4441 Brestb,
812 4349 919 4424 sexta
940 4337 1033 4422 lena
1079 4335 1223 4422 roxima
1245 4347 1333 4450 post
1354 4332 1451 4420 diem
1473 4334 1592 4420 sanati
1623 4331 1819 4448 Francis'cj
1842 4330 1992 4422 confes·

367 4455 485 4564 soris,
512 4485 613 4545 auno
634 4455 772 4543 domini
793 4453 987 4542 millesimo
1008 4365 1111 4541 CdC
1138 4450 1453 4571 quinquagesimo
1492 4450 1623 4568 pn'mn
1654 4448 1901 4537 Presentibus
1921 4446 1992 4564 hijs

472 4755 512 4840 (²)
563 4755 700 4831 Wiettice,
715 4753 782 4820 villa
797 4754 876 4820 haud
891 4755 994 4840 procul
1009 4755 1135 4822 uburhe
1148 4750 1342 4833 amassia,
1356 4749 1467 4818 ibidem
1483 4759 1513 4817 et
1528 4750 1626 4816 villum
1634 4749 1752 4815 sonte
1766 4747 1994 4834 luisseoportet,
2083 4805 2087 4812 .

368 4860 447 4928 quae
468 4849 570 4906 nmen
582 4839 675 4911 ¹bodio
691 4839 794 4905 nullibi
810 4847 942 4926 apparet.
1232 4879 1237 4886 -
