4958 5934
1143 709 1419 786 -tot-

467 919 663 1035 hucusque
685 913 867 1032 inpendit,
899 927 936 1000 ct
955 927 1110 1031 paratus
1139 927 1198 1002 est
1224 909 1431 1032 inpendere
1458 912 1695 1018 infuturum,
1725 911 1970 1003 hereditatem
1991 945 2100 1004 soem

469 1041 698 1126 Gestzrem'tz
718 1029 774 1146 (2)
805 1032 999 1151 wlgariter
1025 1047 1293 1149 nuncupatam,
1324 1047 1414 1119 tunc
1434 1031 1612 1147 temporis
1632 1031 1859 1118 restituimus
1885 1047 1923 1120 et
1942 1031 2101 1122 donavi·

466 1185 566 1258 mus,
597 1153 726 1240 sibiet
745 1149 833 1238 nulii
853 1151 915 1238 aiii
935 1149 983 1236 de
1003 1151 1298 1268 consanguineis
1319 1149 1436 1268 ipsius
1464 1151 1501 1236 in
1522 1165 1740 1268 perpetuum
1762 1147 2032 1268 possidendam
2051 1181 2101 1240 ao

465 1271 592 1358 iibere:
614 1299 700 1356 curu
721 1269 980 1387 patrimonium
1003 1281 1171 1356 nostrum
1191 1269 1490 1387 reaquisivimus,
1509 1266 1684 1358 videlicet
1703 1281 1868 1354 castrum
1889 1274 2102 1382 Wriseprod

466 1403 505 1476 et
524 1385 751 1476 hereditates
778 1386 828 1473 ad
857 1399 1022 1474 castrum
1042 1387 1122 1504 jam
1149 1386 1287 1473 dictum
1311 1386 1562 1506 pertinentes,
1586 1415 1690 1502 ¹quas
1709 1385 1779 1473 sibi
1799 1386 1918 1472 nostri
1938 1413 2099 1503 usurpa-

464 1519 601 1597 verant
620 1505 764 1591 inimici.
811 1501 991 1592 Pieterea
1013 1503 1249 1620 presentibus
1270 1518 1531 1621 protestamur:
1559 1501 1662 1618 quod
1682 1501 1779 1589 idem
1800 1501 1989 1590 Ymislaus
2011 1533 2098 1621 pre·

464 1636 632 1712 notatam
652 1621 898 1709 hereditatem
921 1620 1047 1708 domui
1068 1635 1106 1708 et
1126 1621 1326 1708 conventui
1356 1622 1392 1706 in
1412 1625 1615 1732 Bpmomb,
1642 1619 1791 1706 ordinis
1810 1620 2097 1736 Cysterciensis,

465 1741 732 1830 insinnacionis
762 1737 898 1844 modo,
931 1767 1016 1824 cum
1046 1739 1249 1825 intentione
1273 1736 1492 1853 resignandi
1519 1751 1557 1824 et
1576 1736 1823 1824 nausiarendi
1847 1738 1913 1854 jus
1932 1739 2098 1826 suumin

465 1871 691 1947 conventum
713 1853 854 1942 ordinis
872 1856 1074 1972 prenotati,
1103 1854 1205 1971 quod
1227 1857 1262 1942 in
1281 1852 1381 1940 dicta
1401 1853 1607 1966 hereditate
1627 1855 1768 1960 habuit,
1794 1853 1948 1942 tradidit
1967 1884 2098 1942 coram

464 1977 588 2080 nobis,
606 1989 738 2092 petens
757 2003 829 2086 pro
850 1976 997 2090 pretato
1018 1987 1223 2078 conventu,
1253 1987 1294 2060 ut
1311 1970 1572 2060 vendicionem
1594 1984 1632 2058 et
1651 1975 1886 2088 empcionem
1905 1973 2098 2091 predictos

466 2092 692 2180 confirmare
715 2093 802 2209 jure
831 2093 950 2178 nostri
966 2091 1128 2177 dominii
1154 2089 1409 2208 dignaremur.
1459 2088 1544 2177 Nos
1570 2121 1664 2178 vero
1691 2089 1740 2177 ad
1768 2091 1990 2209 peticionem
2010 2120 2097 2208 pre-

466 2208 645 2298 nominati
659 2207 826 2312 Ymisiai
848 2221 886 2293 et
906 2208 956 2296 ob
976 2209 1233 2300 reverenciam
1255 2205 1396 2295 ordinis
1417 2206 1584 2326 predicti,
1604 2237 1770 2295 necnon
1790 2210 1909 2296 eciam
1924 2209 2097 2296 volentes

465 2340 596 2416 nostre
616 2327 725 2415 saluti
746 2324 945 2414 salubriter
964 2325 1183 2444 providere,
1214 2327 1445 2444 empcionem
1467 2340 1506 2412 et
1526 2325 1783 2414 vendicionem
1805 2325 2016 2443 predictas,
2048 2325 2098 2413 de

445 2535 447 2540 ,
465 2444 660 2532 Beronum
681 2457 895 2530 nostrorum
916 2443 1075 2532 consitio
1096 2441 1381 2548 confirmamus
1413 2458 1451 2530 et
1463 2445 1549 2560 jus,
1580 2443 1682 2562 quod
1711 2445 1877 2561 prefatus
1906 2441 2096 2532 Ymislaus

467 2563 502 2648 in
532 2573 726 2678 pretaxato
755 2561 963 2648 hereditate
995 2565 1223 2648 Cerezrevr'tz
1248 2561 1332 2673 (sic)
1361 2561 1509 2665 babuit,
1540 2562 1576 2648 in
1606 2577 1827 2678 prenotatos
1856 2561 2029 2650 abbatem
2059 2577 2098 2647 et

466 2692 692 2767 conventum
723 2677 772 2766 de
801 2685 988 2794 Byssovt'a
1016 2679 1294 2798 inperpetuum
1325 2693 1363 2766 et
1381 2679 1499 2766 iibere
1524 2679 1778 2766 transierimus
1798 2710 1868 2795 per
1886 2693 2095 2797 presentes.

464 2795 506 2884 ln
528 2799 635 2914 cujus
656 2797 710 2883 rei
730 2797 995 2902 testimonium,
1022 2811 1236 2914 presentem
1257 2797 1415 2884 litteram
1436 2811 1649 2884 nostrorum
1670 2797 1876 2915 sigillorum
1897 2797 2096 2914 appensio·

465 2943 514 3000 ne
534 2912 794 3000 mandavimus
816 2915 1045 3001 communiri.
1096 2913 1234 3001 Datum
1254 2915 1290 3002 in
1320 2920 1571 3016 Wlodt’zlam'o,
1594 2915 1764 3032 proxima
1783 2915 1877 3001 feria
1898 2917 2025 3034 quinta
2040 2911 2094 3026 (³)

466 3061 542 3151 qua
562 3044 734 3118 cantatur
753 3029 891 3118 Letare
910 3031 1135 3120 Jerusalem.
1178 3032 1290 3119 Anno
1313 3031 1459 3118 Domini
1480 3031 1677 3120 Miiiesimo
1699 3035 1964 3120 trecentesimo
1986 3061 2094 3151 quar·

465 3147 672 3255 todecimo,
702 3149 940 3266 presentibus
961 3149 1032 3265 hys
1052 3149 1229 3238 testibus:
1258 3148 1433 3237 iohanne
1459 3147 1675 3240 Cesteilano
1695 3149 2027 3256 Vindisslaviensi,
2057 3163 2096 3238 et

463 3265 639 3354 Jobanne
677 3263 895 3353 Castetiano
931 3265 981 3352 de
1015 3273 1246 3381 Wt'sseqrod,
1287 3265 1442 3356 andrea
1477 3265 1527 3354 do
1559 3271 1737 3367 munseo,
1773 3266 2014 3356 Theoderico
2044 3265 2095 3354 de

466 3389 613 3471 thurea
633 3381 708 3494 (⁴),
736 3382 950 3470 Micbahele
971 3383 1268 3490 Weosecobnla,
1291 3384 1446 3473 Geruno
1466 3384 1668 3473 Advocato
1692 3383 2030 3492 Wiadisslaviensi,
2057 3401 2095 3473 et

465 3501 546 3589 aliis
568 3529 680 3620 quarn
701 3501 869 3619 pluribus
889 3499 965 3589 fide
985 3501 1121 3622 dignis,
1141 3532 1210 3620 per
1229 3531 1379 3591 manum
1399 3503 1578 3592 desconis
1598 3501 1746 3592 Notarii
1766 3505 1895 3591 nostri.

580 3821 593 3860 ²
636 3818 692 3884 tut
705 3817 773 3884 villu
792 3815 976 3885 Citam
987 3839 1017 3886 r.
1034 3817 1232 3898 meamne,
1246 3819 1285 3886 de
1298 3840 1359 3908 qua
1368 3819 1433 3906 jum
1446 3825 1535 3888 eumn
1549 3819 1733 3886 mentionem
1748 3818 1885 3888 iacimus.

580 3817 608 4000 ‘i
634 3903 733 3970 Voces
753 3913 834 3981 neue,
856 3904 903 3970 vet
919 3903 1008 3970 etiam
1022 3915 1094 3990 post
1111 3905 1308 3981 dominicam,
1330 3912 1433 3970 utrum
1454 3903 1581 3982 librarii,
1603 3925 1643 3970 an
1663 3923 1736 3970 vero
1766 3903 1962 3972 describentis
1976 3903 2092 3972 inmuie

465 3985 525 4054 siut
538 4005 683 4063 omusao,
704 4007 767 4052 uon
782 3987 876 4074 liquet
889 3987 975 4053 nobis
989 3987 1092 4073 plone,
1113 4009 1208 4075 quum
1223 3987 1405 4076 archetypon
1420 4009 1482 4055 non
1496 3989 1535 4054 sit
1548 3987 1634 4055 nobis
1648 3987 1685 4055 ud
1700 4007 1833 4056 manum.

566 4069 606 4154 (⁴)
637 4067 760 4151 Slortele
778 4071 898 4138 Ίὶινιπο
914 4069 1001 4138 vittae
1013 4071 1077 4157 jem
1090 4071 1266 4159 descriptae.
