4966 5930
1105 827 1165 846 -
1209 787 1267 864 54
1320 829 1366 842 ...

425 996 642 1097 libertatem,
657 993 722 1109 jus
738 987 793 1103 (⁶),
814 988 1121 1078 consuetudinem
1142 989 1242 1079 Noui
1258 992 1340 1098 iori3
1362 989 1431 1078 sed
1448 990 1524 1078 hoc
1539 991 1755 1108 excipimus:
1777 989 1880 1110 quod
1896 991 1927 1077 si
1943 989 2058 1080 Poio·

426 1144 498 1202 nus
518 1111 800 1213 'theutonicum
827 1111 886 1198 vet
909 1109 1163 1222 Theutonicus
1186 1109 1370 1197 Poionum
1393 1109 1583 1216 occiderit,
1605 1125 1682 1197 tres
1704 1137 1833 1215 merce
1853 1111 2002 1228 argenti
2023 1113 2061 1197 in

222 1325 231 1332 ,
287 1295 299 1332 ,
424 1229 595 1370 pondere
611 1229 788 1346 poionico
803 1225 1080 1346 persoluentur.
1097 1215 1186 1315 Sed
1202 1229 1233 1316 si
1250 1225 1506 1315 Theutonious
1521 1227 1804 1332 Theutonicum,
1822 1227 2060 1316 theutoniceli

313 1411 316 1418 ,
425 1379 506 1439 rure
525 1348 713 1436 soluatur:
743 1345 804 1432 ubi
830 1347 942 1434 nohis
958 1345 1144 1434 debentur
1171 1345 1302 1459 decem
1317 1376 1479 1456 marco,
1510 1375 1724 1464 quanquam
1740 1341 1796 1455 (⁷)
1818 1375 1866 1431 ex
1886 1346 1941 1433 eis
1962 1345 2060 1433 rela-

424 1467 607 1556 xabimus.
654 1457 861 1550 statuimus
890 1465 986 1552 enim
1003 1457 1060 1576 (⁸)
1089 1463 1219 1570 etiam,
1248 1479 1287 1552 ut
1314 1465 1346 1550 si
1367 1457 1508 1582 aliquis*
1523 1465 1665 1580 hospes
1685 1464 1758 1550 loci
1780 1464 2060 1578 praenominati,

419 1584 478 1674 ,nd
494 1587 616 1673 forum
636 1583 893 1699 emmennone
914 1583 1030 1670 rostri
1048 1583 1272 1700 peruenerit,
1292 1596 1462 1668 etecusa
1478 1582 1673 1668 intereunt
1694 1595 1733 1666 et
1747 1581 1860 1666 atium
1873 1581 2059 1699 hospitem
2104 1683 2107 1690 ⁴

424 1707 681 1818 cuiuscunque
709 1700 781 1786 ioci
807 1701 1020 1808 emerserit3
1057 1727 1127 1818 per
1146 1701 1318 1787 sohetum
1335 1699 1419 1811 (sic)
1440 1699 1513 1785 ioci
1535 1698 1647 1803 iilius,
1684 1701 1816 1816 inquo
1838 1727 1956 1786 causa
1977 1715 2060 1786 orte

424 1813 561 1934 fuerit,
580 1817 821 1932 diiudicetur3
852 1820 884 1906 si
905 1849 998 1905 vero
1019 1819 1115 1905 inter
1135 1816 1319 1932 hospitem
1341 1831 1378 1904 et
1398 1817 1606 1926 Poionum,
1637 1846 1791 1904 causam
1806 1815 1926 1933 judex
1947 1817 2061 1904 castri

418 1937 612 2060 judicabit
655 1933 856 2048 sedero)
878 1937 914 2023 in
935 1935 1022 2022 loco
1044 1936 1362 2053 supranominato,
1382 1949 1420 2021 et
1440 1935 1534 2023 viliis
1558 1937 1613 2021 eis
1636 1935 1903 2052 pertinentibus
1924 1933 2060 2022 Poloni

422 2059 612 2177 degentes
642 2070 678 2142 et
698 2053 866 2171 hospites
896 2055 990 2140 inter
1019 2083 1063 2140 se
1090 2055 1331 2161 certauerint3
1359 2053 1517 2140 scitetus
1547 2053 1705 2140 ciuitatis
1735 2053 1830 2139 inter
1858 2053 1963 2168 ipsos
1993 2079 2061 2140 oo·
2131 2109 2135 2118 ‚

421 2189 591 2296 gnoscet
624 2188 662 2260 et
691 2197 846 2258 oausam
876 2171 1036 2258 decidet
1083 2171 1306 2288 Dceodem
1335 2186 1459 2257 autem
1487 2169 1643 2258 denario
1665 2168 1828 2286 judicia,
1855 2169 2002 2288 dequo
2024 2185 2062 2257 et

421 2303 566 2382 census
581 2291 676 2380 solui
693 2290 840 2376 dehent
870 2286 962 2376 item
984 2291 1016 2378 si
1037 2289 1132 2378 inter
1151 2287 1249 2377 duos
1270 2288 1441 2376 Potonos
1462 2317 1579 2375 causa
1600 2289 1762 2381 fueritin
1784 2287 1871 2374 loco
1891 2288 1986 2405 ipso,
2002 2285 2062 2404 ju·

421 2403 531 2499 ¹dices
552 2409 661 2496 iidem
683 2423 801 2514 erunt,
822 2423 859 2494 et
878 2421 1040 2526 accepto
1061 2399 1310 2512 solummodo,
1331 2405 1433 2524 quod
1455 2405 1589 2494 dicitur
1607 2406 1782 2524 polonice
1798 2384 2061 2518 Tresczned‘h,

422 2527 633 2616 secundum
662 2525 763 2646 qood
793 2526 953 2646 qualitas
980 2527 1209 2644 exigit-esse
1225 2522 1285 2637 (¹¹)
1300 2523 1512 2642 judicatos,
1542 2553 1627 2612 oum
1649 2553 1773 2641 poeno
1794 2524 1990 2614 solutionis
2009 2523 2060 2610 ad

422 2647 511 2735 ihus
531 2638 797 2754 remironrtffi),
820 2671 977 2759 quorum
998 2645 1183 2761 pertinent
1196 2643 1456 2760 jurisdictioni.
1490 2641 1780 2761 Quamcumque
1796 2669 1888 2730 vero
1905 2659 2060 2728 causam

421 2765 628 2852 terminare
649 2793 724 2847 non
746 2764 918 2878 poterint,
939 2759 989 2846 ad
1010 2777 1177 2848 nostram
1197 2760 1421 2849 audientiam
1444 2763 1703 2847 transmittant
1738 2758 1855 2846 iidem
1875 2757 2060 2846 Martinus

424 2895 551 2968 'autem
581 2894 618 2978 et
647 2879 820 2966 Vithinus
841 2879 936 2990 (sic)
972 2880 1009 2966 in
1038 2879 1207 2966 districtu
1234 2879 1541 2995 supranominate
1561 2877 1672 2965 vitiae
1701 2883 1878 2978 Vorttoe,
1913 2875 2061 2994 absque

422 2997 656 3118 praeiudicio
672 2997 826 3083 chorum
844 2994 1097 3118 quodcunque
1113 2998 1192 3095 (sic)
1213 2995 1437 3101 molendina,
1454 2997 1486 3082 si
1501 2996 1696 3099 voluerint,
1717 2989 1944 3111 poterintt¹³t
1966 3020 2061 3080 con·

426 3131 585 3205 struere.
617 3113 750 3202 Eidem
773 3114 858 3200 ioco
880 3127 1080 3231 praeterea
1098 3113 1272 3202 dedimus
1293 3113 1423 3233 viginti
1446 3141 1601 3200 mensos
1621 3111 1836 3230 red-pascue
1856 3129 2059 3227 porcorum

425 3249 466 3322 et
484 3235 632 3351 sijiuas,
661 3234 697 3320 in
722 3234 866 3352 quibus·
888 3244 1048 3349 pascent
1075 3259 1236 3348 porcos,
1266 3246 1304 3318 et
1323 3231 1482 3318 arbores
1511 3229 1675 3317 incident
1695 3233 1775 3318 sine
1794 3259 1924 3316 eorum
1946 3227 2061 3316 detri-

279 3447 289 3473 ,
423 3368 564 3458 mento,
587 3381 658 3440 nec
679 3381 754 3438 non
777 3363 920 3437 nostro.
964 3348 1125 3466 Insuper
1145 3379 1277 3437 omnes
1297 3351 1478 3435 intrantes
1498 3364 1536 3435 et
1556 3363 1735 3436 exeuntes
1755 3377 1826 3464 pro
1846 3347 1961 3434 rebus
1982 3347 2062 3434 suis

423 3484 492 3586 ¹aru
510 3469 646 3555 familia
674 3468 886 3556 rhetoneun
907 3468 943 3554 in
964 3483 1094 3554 nostra
1111 3472 1216 3554 'terra
1235 3463 1470 3554 hunniciensi
1490 3494 1565 3553 non
1587 3466 1755 3554 soluent:
1791 3467 1959 3581 exceptis
1980 3465 2060 3568 hiis,

424 3587 493 3704 qui
512 3587 673 3683 mercari
693 3585 876 3672 notuerint
896 3599 934 3670 et
953 3586 1178 3703 quicumque
1198 3586 1405 3702 repatriare
1424 3583 1586 3676 venditis
1606 3583 1717 3671 hunis
1737 3582 1931 3694 voluerint,
1952 3580 2061 3670 saluo

361 3765 367 3778 ·
423 3705 508 3817 iure
524 3716 657 3792 nostro
674 3705 754 3789 siue
770 3702 957 3808 theloneo,
970 3715 1116 3789 exeant.
1137 3701 1457 3791 Collaudauerunt
1472 3701 1582 3789 etiam
1598 3701 1672 3789 hoc
1687 3701 1855 3788 homines
1868 3699 2062 3818 praciihoti

219 3869 223 3876 ·
261 3874 270 3892 ·
301 3807 319 3913 1
423 3822 651 3934 unanimiter
669 3849 692 3907 u
715 3821 823 3906 nobis
849 3820 991 3906 habere
1011 3849 1166 3908 mansos
1180 3811 1460 3936 heminginnos'
1480 3819 1529 3906 de
1548 3825 1725 3929 Laetior,
1754 3832 1793 3908 et
1813 3833 1991 3937 quantum
2012 3816 2062 3904 de

426 3963 570 4056 campo
592 3933 809 4043 habuerint,
840 3951 981 4024 tantum
1008 3937 1058 4024 de
1085 3939 1192 4056 sijtua
1217 3939 1403 4026 excoiiere
1418 3939 1499 4039 (sict
1520 3937 1659 4024 dehent
1679 3937 1740 4025 teti
1761 3937 1993 4040 conditione,
2020 3949 2062 4022 ut

277 4123 283 4134 ·
427 4071 564 4146 omues
580 4057 713 4170 'mansi
741 4057 845 4144 tiberi
867 4058 939 4143 sint
968 4059 1193 4175 repensione
1213 4053 1358 4164 dehita,
1387 4057 1529 4144 afesto
1549 4055 1649 4143 beati
1674 4055 1869 4145 Adciberti
1889 4054 2060 4178 prox'nno

544 4325 558 4365 ⁰
595 4321 646 4408 jue
660 4330 700 4388 ot

433 4545 437 4554 ¹
544 4407 559 4615 Ξ
597 4426 843 4587 ffiwmm
858 4417 1059 4496 estqurnquo.

532 4659 557 4700 ¹⁰
599 4594 739 4723 dissone

513 4658 555 4824 (11
599 4761 655 4826 pro
670 4761 737 4806 esse
752 4739 859 4827 lepino
872 4761 990 4810 crusec.

514 4825 571 4993 o
