4876 5940
1108 729 1381 804 ..100-

427 935 672 1055 promocione
701 933 925 1052 diligencius
954 929 1206 1038 intendentes,
1236 933 1308 1050 ipsi
1337 929 1462 1020 domui
1488 945 1525 1020 et
1552 930 1728 1020 iratribus
1754 928 1891 1020 ibidem
1920 961 2057 1050 preno-

428 1067 543 1146 tatam
564 1053 685 1142 villam
708 1059 859 1166 Bergan
879 1081 964 1140 cum
987 1066 1064 1140 toto
1085 1051 1211 1155 lluvio,
1232 1052 1294 1169 qui
1315 1045 1425 1152 ΒΜ
1440 1049 1583 1154 dicitur,
1604 1080 1688 1136 eum
1709 1048 1833 1152 naulo,
1854 1052 2058 1168 piscatura,

429 1188 467 1261 et
487 1172 659 1261 omnibus
680 1171 909 1272 utilitatibus,
939 1199 987 1256 ac
1008 1169 1119 1287 pleno
1141 1184 1272 1256 nostro
1297 1166 1460 1256 dominio
1487 1184 1525 1256 et
1537 1168 1701 1286 judicio,
1725 1167 1811 1283 jure
1831 1167 2059 1256 hereditario

325 1340 331 1353 ·
427 1287 697 1410 possidendam
727 1289 763 1374 in
785 1304 1002 1405 perpetum
1033 1317 1102 1404 per
1127 1301 1341 1403 presentem
1369 1285 1525 1373 litteram
1546 1285 1829 1372 confirmamus,
1877 1285 2059 1375 Preterea

307 1425 335 1517 ,t
392 1407 631 1510 'edicimus
661 1423 699 1494 ut
730 1405 854 1497 coloni
884 1405 1076 1526 sepedicto
1106 1405 1191 1494 ville
1222 1412 1393 1519 Beryae,
1425 1434 1497 1492 nec
1525 1435 1548 1492 e
1563 1403 1707 1520 judicio
1737 1405 1870 1506 castri,
1908 1433 1980 1491 neo
2008 1405 2058 1494 ab

427 1533 570 1640 appele,
592 1525 625 1613 si
643 1525 745 1613 citati
766 1525 912 1626 luerint,
939 1523 1101 1612 debeant
1121 1553 1358 1642 comparere,
1381 1552 1509 1610 coram
1531 1522 1643 1627 nullo,
1665 1522 1733 1610 nisi
1756 1549 1885 1608 eoram
1906 1521 2057 1610 Abbate

308 1680 313 1691 ·
427 1659 493 1731 aut
512 1639 593 1759 ejus
613 1643 766 1749 vicario,
796 1674 907 1762 quem
935 1643 1016 1760 ipse
1042 1641 1176 1729 Abbas
1203 1643 1448 1744 constituerit,
1478 1672 1547 1758 pro
1570 1639 1732 1758 qualibet
1760 1669 1875 1726 causa
1896 1671 2056 1758 respon·
2139 1709 2143 1716 ,

426 1761 518 1850 dere
541 1761 775 1848 tenebuntur.
828 1759 880 1848 Ut
898 1775 1022 1850 autem
1044 1791 1204 1876 presens
1226 1761 1506 1848 instrumentum
1532 1760 1649 1846 robur
1674 1775 1855 1876 perpetue
1875 1757 2057 1848 firmitatis

426 1877 617 1984 obtineat,
653 1881 773 1996 ipsum
806 1881 947 1967 nostris
982 1877 1113 1998 sigillis
1146 1877 1382 1987 decrevimus
1414 1877 1653 1984 communiri,
1688 1906 1771 1962 curn
1804 1877 2056 1966 cunctacione
2120 1915 2124 1922 ·

426 1999 574 2086 testium
596 1995 914 2112 subscriptorum:
940 1995 1118 2083 Bronisio
1139 1991 1312 2084 Palatino
1334 1995 1426 2108 (sic),
1446 1993 1648 2084 Bartossio
1671 1993 1888 2082 Castellano
1911 1993 2055 2084 Wladi·

425 2115 694 2220 slaviensibus,
729 2111 904 2202 lohanne
943 2113 1161 2201 Castellano
1199 2111 1546 2230 Wyszegrodensi,
1581 2111 1738 2202 Unislao
1774 2113 2064 2202 subcamerario¹

426 2229 754 2338 Wladislaviensi,
792 2231 906 2320 Petro
935 2231 1036 2320 dicto
1067 2231 1312 2334 lllanthosah,
1348 2229 1588 2320 Theoderico
1620 2231 1668 2318 de
1697 2229 1871 2336 Thuran,
1908 2248 1946 2319 et
1974 2232 2055 2319 aliis

427 2379 539 2469 quem
569 2349 737 2466 pluribus
766 2347 841 2446 lide
871 2347 1006 2470 dignis.
1059 2349 1195 2438 Actum
1227 2366 1265 2437 et
1290 2349 1416 2438 datum
1453 2351 1488 2438 in
1517 2355 1654 2438 Inveni
1677 2353 1932 2452 ll'lcdirtcotb,
1963 2351 2054 2438 laria

425 2479 563 2588 quarto
596 2467 632 2555 in
656 2470 821 2556 crastino
856 2467 967 2558 Beati
996 2467 1229 2589 Archangeli
1259 2467 1489 2588 lllychaelis,
1521 2469 1635 2556 Anno
1669 2467 1818 2558 Domini
1849 2467 1907 2556 lll⁰
1938 2467 2055 2557 CCC⁰

426 2598 572 2706 quarto.

1113 2867 1368 2986 CLXXXV.

433 3135 858 3236 Wtucttctoctac,
885 3135 1222 3226 unno13⁰4
1248 3137 1342 3222 dte
1366 3135 1449 3224 ³⁰
1474 3138 1675 3224 menete
1701 3137 2052 3244 Septembris.

422 3337 757 3417 §munim
770 3339 855 3414 nun
870 3339 1000 3414 onim
1013 3339 1162 3414 ttotestat
1176 3339 1332 3434 unomen
1345 3341 1480 3431 tonitui
1492 3341 1672 3416 tremam
1686 3343 1722 3416 ot
1734 3341 1818 3416 uun
1832 3342 1901 3437 etos
1913 3341 2054 3420 tomos
2179 3401 2183 3409 ,

420 3437 572 3516 mtto
590 3442 704 3518 totali
716 3441 859 3518 merobii
872 3441 1097 3534 traconensis
1111 3443 1328 3518 cisterciensis
1343 3443 1460 3516 ardus
1474 3461 1579 3517 corun
1593 3443 1726 3520 dnobus
1739 3443 1884 3542 buteriae
1895 3445 2052 3522 humeto

869 3547 904 3620 ot
917 3543 1066 3620 ommno
1082 3544 1188 3622 nillum
1207 3543 1391 3614 Goeetaadc
1403 3544 1543 3620 rendunt
1556 3547 1606 3634 (¹).

522 3759 566 3848 ln
601 3762 748 3850 nomine
783 3761 955 3870 Domini,
990 3763 1124 3854 Amen.
1186 3767 1284 3855 Aeta
1317 3767 1506 3856 hominum
1541 3767 1641 3856 delet
1677 3767 1835 3875 oblivio,
1870 3800 1945 3888 que
1980 3803 2052 3861 nec

419 3877 588 3996 scriptis,
623 3909 696 3966 nec
728 3881 883 3968 testibus
913 3881 1200 4000 perhennantur.
1253 3883 1337 3975 Nos
1368 3889 1481 4006 igitur
1510 3887 1728 3974 Premislius
1757 3901 1796 3976 ct
1823 3885 2051 4006 Kazymirus
2181 3927 2184 3936 ·

419 3993 632 4132 deigracia
659 3996 787 4086 Duces
815 3999 969 4116 Cujavie
990 4014 1029 4086 et
1048 3999 1195 4089 Domini
1217 4001 1483 4109 Wladislavie,
1510 4006 1681 4092 omnibus
1702 4004 1752 4091 ad
1773 4037 1870 4210 puos
1890 4038 2050 4123 presens

418 4129 598 4232 scriptam
619 4118 852 4236 pervenerit,
883 4117 1056 4206 volumus
1077 4151 1165 4208 esse
1185 4135 1331 4210 notum:
1363 4122 1465 4240 quod
1492 4123 1755 4240 Searbymirus
1789 4125 1872 4214 ilius
1894 4123 2051 4214 Comitis

275 4287 285 4312 .
418 4229 612 4337 Dobeslai,
637 4235 828 4354 quondam
850 4235 1015 4356 Dapileri
1034 4235 1273 4346 Brescensis,
1295 4271 1368 4328 una
1390 4272 1474 4328 cum
1495 4241 1570 4330 lulio
1591 4271 1661 4330 suo
1682 4241 1869 4347 lohanne,
1889 4242 1938 4332 de
1951 4261 2049 4334 cou-

519 4515 558 4600 (¹)
586 4515 632 4582 Ex
646 4517 807 4606 archetypo
821 4519 1065 4598 membranaceo,
1087 4519 1169 4609 quod
1190 4523 1221 4588 in
1235 4522 1383 4590 tabulario
1398 4522 1610 4593 Posnnniensis
1625 4525 1796 4612 provinciae
1809 4525 1964 4614 privilegia
1979 4527 2050 4592 urb·

417 4599 547 4665 latorum
568 4601 782 4669 coenobiorum
803 4603 975 4671 continente
994 4614 1182 4685 summetur,
1203 4607 1358 4694 descripsit
1371 4610 1561 4676 doctissimus
1580 4611 1800 4698 Stronczyrlsli.
1835 4611 1915 4677 Huic
1928 4611 2049 4678 tabulae

417 4701 437 4748 a
496 4703 551 4782 psa
570 4693 657 4750 erunt
677 4686 739 4752 dnn
758 4687 867 4774 sigilla:
889 4687 996 4755 horum
1012 4711 1106 4756 unum
1121 4691 1298 4790 abruptum,
1320 4693 1447 4760 alterum
1462 4696 1598 4780 pendens
1613 4695 1671 4761 litis
1684 4697 1787 4762 sericis
1801 4695 1885 4762 nrbri
1899 4703 1932 4762 et
1945 4695 2048 4761 viridis

463 4787 540 4846 ons,
554 4777 609 4866 'est
628 4771 758 4869 sip'tlum
778 4771 875 4858 majus
890 4773 1028 4840 casimiri
1042 4775 1137 4842 Ducis
1151 4775 1309 4863 Canariae,
1332 4779 1517 4866 exhibetque
1532 4781 1649 4867 insigne
1663 4779 1833 4868 provincius
1848 4779 2045 4868 Gujaviensic

416 4853 495 4922 uere
508 4854 599 4942 bupu
613 4855 700 4941 sigilli
715 4863 762 4922 est
773 4857 913 4942 vulgaris.
