4926 5940
1108 667 1157 775 -’
1206 720 1280 794 na
1338 759 1380 772 -

422 928 526 1048 pituli
547 924 670 1046 sigilla
688 885 925 1042 presentibus
954 921 1043 1011 sunt
1062 925 1242 1040 appensa.
1295 920 1431 1008 Actum
1459 935 1497 1008 et
1516 917 1643 1008 datum
1674 923 1928 1021 Wludt'rtauie,
1961 920 2055 1008 laria

422 1043 591 1135 secunda
613 1043 835 1130 in‘orastinu
862 1037 1088 1160 Epypbanie
1108 1040 1263 1146 domini,
1295 1041 1331 1126 in
1352 1038 1522 1157 capitulov
1536 1038 1728 1156 generali,
1759 1067 1859 1124 anno
1883 1036 2053 1126 eiusdem

353 1177 361 1186 '
421 1164 616 1251 millesimo
637 1161 1011 1279 quadringentesimo
1041 1159 1221 1247 vioesirno
1249 1171 1379 1261 sexto,
1411 1157 1649 1273 presentibus
1679 1154 1816 1243 ibidem
1835 1155 2052 1242 uenerabi-

422 1282 519 1368 libus
539 1294 575 1368 et
595 1277 878 1390 honorabilibus
910 1276 1092 1364 dominis:
1121 1275 1297 1364 dobanne
1325 1274 1373 1362 de
1394 1277 1572 1388 Stupowo
1600 1273 1901 1377 Arebidiaeouu,
1929 1272 2054 1360 Pred-

421 1394 1132 1606 uetetenttttrttttrtr
1150 1389 2053 1630 tttttttttttttttrattr

423 1636 484 1722 cio
514 1633 565 1720 de
593 1639 890 1739 Borzem'ezslro',
923 1631 1159 1750 Sandivogio
1186 1629 1357 1717 larundo
1388 1629 1437 1716 de
1467 1632 1767 1743 Bye'rnanzieze,
1798 1627 1976 1714 dubanus
2006 1624 2056 1712 de
2200 1661 2207 1674 ·

330 1837 332 1844 .
423 1757 644 1841 Mlodauiuo
665 1748 725 1864 (²)
747 1765 785 1839 et
805 1751 920 1838 Petro
942 1779 1110 1869 ungoru,
1142 1749 1294 1866 prelatis
1316 1763 1354 1836 et
1376 1749 1579 1850 Canoniois
1601 1745 1991 1880 Wladidaviensibus.

422 2053 510 2118 sitae,
528 1964 739 2116 (bittellessowo
756 1965 823 2034 *5¹¹⁸
836 1965 978 2032 terribili
993 1965 1231 2066 llld8⁰⁸ll⁰¹¹⁸l⁵3
1260 1965 1361 2049 ttlures
1379 1934 1452 2032 sunt
1466 1963 1553 2032 villae
1572 1961 1681 2050 Gradu
1695 1963 1726 2028 in
1742 1962 1871 2029 diuersis
1915 1959 2056 2026 rouiuoiis
2176 2021 2187 2032 ,

672 2051 846 2128 manniska,
868 2050 1046 2116 Biernuorce
1071 2049 1158 2116 villae
1172 2071 1279 2116 omnes
1306 2050 1449 2116 territorii
1475 2049 1672 2126 Calissiensis,
1701 2047 1833 2132 regionis
1910 2044 2053 2126 artensis3

426 2135 598 2201 Mlodau'in
611 2135 753 2202 territorii
768 2133 975 2212 Sieradieusis,
990 2133 1121 2218 regionis
1135 2133 1372 2200 Szadltoviensis
1928 2155 1932 2162 ·

990 2343 997 2355 ’
1088 2416 1399 2586 uuuuxxu.

705 2637 946 2732 Romae,
974 2657 1130 2722 anno
1158 2635 1310 2722 1426
1336 2657 1523 2726 merore
1549 2637 1777 2722 Martio.

308 2764 322 2882 f
425 2819 646 2896 &aborruit
659 2783 698 2893 n
713 2819 847 2894 tto-tuto
861 2821 956 2895 rtttua
976 2821 1048 2890 orte
1060 2821 1144 2893 tutor
1156 2820 1333 2896 tuttundo
1346 2821 1517 2896 tutrtovo
1533 2825 1568 2897 at
1580 2822 1733 2897 totum
1745 2819 1928 2915 tonan
1940 2811 2058 2892 'tult-

958 2923 1164 2998 ..struem
1179 2925 1252 2998 ortu
1266 2925 1460 3014 nauodtur
1473 2925 1524 3012 (¹).

528 3093 767 3183 Reuerendis
796 3096 832 3181 in
863 3094 1015 3184 Christo
1043 3099 1210 3216 patribus
1239 3113 1275 3186 et
1296 3095 1475 3202 dominis,
1506 3095 1667 3185 dominis
1697 3097 1757 3184 dei
1788 3111 1825 3184 et
1846 3094 2055 3214 apostolice

426 3211 531 3303 sedis
562 3215 694 3333 grania
727 3214 972 3300 Craeouiensi
1002 3229 1037 3302 et
1068 3215 1320 3304 Potnaniensi
1352 3213 1574 3333 Episcopis,
1606 3241 1812 3328 eorumque
1845 3227 1883 3301 et
1904 3211 2054 3306 ouiusli·

426 3332 490 3420 bet
511 3333 677 3449 ipsorum
699 3331 736 3418 in
757 3331 1018 3448 spiritualibus
1040 3331 1203 3451 Vioarijs
1219 3348 1255 3422 et
1277 3333 1497 3422 officialibus
1518 3333 1781 3455 generalibus,
1798 3361 1846 3418 ao
1867 3329 2058 3418 uniuersis

427 3465 465 3538 et
485 3449 643 3652 singulis
663 3449 972 3538 inhabitatoribus
993 3464 1029 3538 et
1051 3451 1192 3556 ineolis,
1214 3451 1542 3555 mandatoribus,
1565 3449 1919 3555 vindemiatoribus,
1950 3447 2059 3537 colo-

427 3569 506 3670 nis,
565 3567 827 3654 eeirnatoribus
848 3583 885 3656 et
905 3567 1179 3658 laboratoribus
1202 3570 1284 3658 ville
1309 3575 1409 3674 Orto,
1433 3569 1747 3658 wladislauiensis
1765 3568 1943 3670 diocesis,
1973 3595 2059 3654 nutu

428 3683 615 3771 nonnullis
636 3683 719 3798 alijs
739 3683 849 3774 villis,
879 3683 983 3790 lacu,
1014 3687 1185 3803 piscinis,
1216 3687 1456 3788 molendinis
1478 3687 1621 3794 barris,
1673 3713 1762 3802 ays,
1783 3685 1833 3773 illi
1851 3683 2058 3772 adiacenti-

425 3801 521 3906 bus,
551 3829 600 3886 ao
619 3798 775 3888 decimis
796 3817 833 3888 et
853 3801 934 3916 alijs
956 3803 1194 3921 pertiueuoijs
1216 3806 1414 3916 (uniuersis
1434 3807 1484 3916 in)
1506 3806 1625 3892 Terra
1642 3715 1883 4009 bubonionsi
1906 3803 1999 3915 (siu),
2020 3801 2058 3887 in

428 3918 597 4007 districtu
627 3914 795 4005 eiusdem
825 3917 911 4007 ville
941 3923 1032 4006 Oria?
1065 3923 1374 4029 consistentibus,
1406 3937 1442 4008 et
1472 3925 1666 4041 presertim
1732 3936 1812 4009 atro
1832 3919 1987 4036 lllatbye
2007 3913 2058 4006 de

428 4041 625 4152 Lupstowo
646 4031 721 4146 (ἲ),
751 4064 825 4156 pro
855 4036 1015 4126 custode
1045 4039 1208 4128 ecclesie
1228 4041 1494 4158 poznaniensis
1515 4071 1558 4129 se
1579 4041 1747 4161 gerenti,
1777 4035 1945 4128 eiusdem
1975 4035 2060 4124 ville

530 4250 574 4338 (¹)
602 4253 651 4318 Ex
664 4249 825 4339 archetypo
840 4253 1071 4320 membranaceo
1083 4254 1222 4322 tabularii
1248 4255 1370 4342 capituli
1396 4255 1667 4323 Wludislauieusis.
1698 4249 1848 4322 Fuuioulo
1861 4253 1958 4320 surioo
1972 4250 2059 4318 rubei
2154 4257 2159 4264 '

429 4337 538 4404 eoloris
552 4357 721 4424 oppansum
735 4345 783 4404 est
796 4338 926 4424 sigillum
943 4337 1058 4406 tonnas
1078 4361 1115 4406 ax
1130 4339 1220 4426 longo
1235 4341 1382 4408 rotundae
1397 4342 1429 4408 ia
1443 4342 1568 4410 oaravul
1608 4341 1633 4406 ri
1648 4340 1757 4407 eoloris
1777 4341 1861 4408 rubri
1875 4357 2061 4424 exuramur.

366 4473 368 4480 Α
429 4421 651 4507 Repraosebtat
664 4428 765 4489 ouwm
780 4421 941 4507 imaginem
956 4425 1059 4490 matris
1072 4423 1121 4489 dei
1136 4445 1265 4510 puerum
1281 4425 1311 4490 in
1325 4425 1395 4492 sinu
1408 4426 1574 4500 oenentisa
1606 4433 1736 4512 utraque
1751 4425 1829 4490 illius
1845 4431 1928 4510 porte
1940 4419 2057 4504 oouspi·

429 4505 550 4570 eiuuttu
563 4505 640 4572 dnae
655 4526 803 4592 personae
818 4515 941 4584 stantes,
956 4507 1014 4572 acsi
1029 4527 1132 4593 preces
1147 4507 1323 4575 adeundam
1339 4509 1510 4583 lundentes;
1539 4507 1575 4575 ad
1592 4509 1683 4594 podes
1696 4509 1813 4574 illorum
1829 4508 1970 4574 collocata
1984 4511 2058 4572 suot

430 4589 489 4653 tria
502 4596 587 4654 suun
599 4609 670 4656 unm
684 4590 851 4676 insifflibus
861 4589 926 4676 iam
940 4590 1054 4658 dolatis.
1068 4593 1114 4658 Ex
1129 4591 1230 4660 serbis
1243 4593 1274 4660 iu
1289 4594 1404 4660 ambitu
1419 4595 1569 4680 inscriptis
1583 4593 1657 4662 baeu
1673 4593 1824 4679 laguubrr·
1840 4590 2059 4678 ,metamor

429 4672 474 4738 tri
486 4671 534 4736 det
545 4673 654 4758 groela
669 4675 804 4763 episcopi
818 4673 996 4742 suanm?
1889 4749 1893 4761 ,

432 4839 452 4906 d
527 4755 575 4854 Ρ)
602 4757 679 4824 Villa
699 4757 773 4825 orte
786 4759 919 4846 regionis
933 4761 1112 4839 Brestensis,
1128 4757 1290 4828 Lubrtowo
1306 4761 1373 4828 villa
1388 4761 1529 4828 territorii
1545 4761 1737 4838 Conineusis,
1753 4761 1885 4848 regionis
1900 4779 1973 4826 vero
1988 4757 2061 4846 l’yz·

453 4859 559 4907 renuis
1924 4889 1928 4896 .
