4896 5926
1011 721 1259 794 ..w-
1423 772 1426 781 .

193 949 195 954 ’
318 937 354 1012 et
374 931 526 1038 gratus:
554 920 786 1022 auctoritate,
808 946 885 1038 qua
903 919 1102 1043 bogirnur,
1123 919 1389 1011 confirmamus
1410 933 1448 1008 et
1466 921 1653 1036 presentis
1673 921 1803 1040 scripti
1823 931 1947 1042 patro

317 1039 416 1128 cinio
436 1040 718 1128 communimus.
752 1036 852 1126 Nulli
872 1067 970 1158 ergo
990 1041 1142 1128 omuino
1162 1037 1349 1126 bominum
1370 1037 1481 1124 liceat
1499 1039 1599 1126 bano
1617 1041 1796 1156 paginam
1818 1055 1948 1144 nostre

317 1155 610 1258 confirmationis
631 1157 843 1277 infringere,
864 1159 924 1245 uel
945 1159 980 1244 ei
1000 1187 1095 1246 ausu
1116 1159 1317 1244 temerario
1332 1157 1531 1249 contraire.
1562 1157 1605 1244 Si
1624 1157 1708 1273 quis
1729 1173 1852 1246 auten
1872 1160 1948 1248 boo

316 1289 538 1392 attemptare
559 1276 839 1392 presumpserit·
869 1274 1164 1396 indignationem
1185 1275 1448 1391 omnipotentis
1470 1271 1543 1380 dei,
1571 1289 1609 1362 et
1627 1273 1821 1362 bectorrtm
1841 1276 1948 1366 Petri

317 1404 367 1596 οὲ]
384 1391 493 1480 Pauli
520 1391 780 1510 apostolorum
810 1393 917 1501 eius,
937 1423 981 1482 so
1001 1394 1147 1482 nouerit
1166 1393 1412 1479 incursurum.
1463 1391 1590 1480 Tenon
1615 1407 1738 1480 autern
1765 1394 1947 1514 priuilegij

370 1511 402 1596 is
422 1521 498 1598 cst:

417 1633 531 1716 teos
580 1625 856 1746 Zemornislyus
884 1627 945 1716 dci
970 1629 1103 1747 gracia
1129 1629 1217 1715 Dux
1247 1626 1430 1744 Cuyauic‚
1461 1627 1647 1716 uniuersis
1668 1643 1799 1716 sancte
1819 1631 1948 1718 matris

318 1743 481 1832 ecclesie
499 1741 693 1852 fidelibus,
723 1745 774 1834 ad
795 1776 893 1863 quos
914 1775 1073 1863 presens
1094 1747 1274 1864 scriptum
1294 1746 1524 1863 peruenerit,
1553 1743 1712 1832 salutem
1733 1747 1770 1832 in
1789 1775 1856 1852 eo,
1886 1749 1948 1866 qui

319 1877 376 1950 est
397 1862 560 1951 omnium
585 1893 678 1952 uera
705 1861 822 1951 salus.
873 1862 1113 1950 Uniuersitati
1141 1877 1267 1952 uestre
1293 1876 1425 1950 tenore
1450 1862 1678 1977 presentium
1704 1876 1833 1951 nomm
1860 1895 1949 1954 csse

318 1979 508 2070 uolumus:
539 1980 642 2101 quod
664 2009 752 2088 nos,
782 1981 837 2072 ob.
853 1982 1111 2070 reuerenciam
1131 1980 1193 2068 dei
1213 1993 1252 2069 ct
1270 1979 1381 2068 beate
1400 1977 1522 2067 lllarie
1542 1979 1716 2098 virginis,
1745 1983 1950 2072 venerabili

317 2099 414 2215 patri
434 2096 587 2194 domiuo
611 2098 822 2217 Wolymiro
845 2097 1155 2191 Wladizlauiensi
1174 2096 1381 2218 Episcopo,
1393 2171 1396 2176 .
1409 2127 1482 2184 nec
1502 2125 1578 2184 non
1597 2097 1877 2188 honorabilibus
1897 2101 1949 2190 vi·

317 2217 370 2301 ris
385 2279 394 2300 .
410 2281 421 2302 .
439 2219 667 2334 prepositis.
688 2283 698 2304 .
719 2217 875 2306 decanis
895 2233 933 2308 et
952 2217 1036 2334 alijs
1056 2217 1221 2336 prelatis,
1243 2215 1491 2331 omnibusque
1512 2215 1705 2304 canonicis
1724 2215 1893 2334 predicte
1912 2235 1951 2306 et

321 2330 596 2423 Crusuicicnsis
615 2336 882 2441 ecclesiarum,
911 2365 960 2423 uc
980 2361 1111 2422 eorum
1132 2334 1440 2437 successoribus,
1461 2329 1667 2420 eorundem
1688 2333 1853 2439 seruitia,
1874 2365 1950 2454 que

318 2449 430 2536 nobis
458 2451 680 2538 multociens
712 2468 750 2538 et
768 2451 903 2538 utiliter
921 2451 1196 2568 impenderunt,
1227 2451 1492 2566 respicientes3
1528 2448 1638 2536 talem
1667 2451 1949 2568 imperpetuum,

318 2596 413 2686 pure
439 2581 476 2655 ct
495 2566 698 2655 liberaliter
720 2566 893 2656 dedimus
918 2568 1143 2656 libertatern:
1172 2566 1347 2654 videlicet
1367 2564 1470 2684 quod
1490 2593 1623 2652 omnes
1648 2565 1756 2652 villas
1775 2570 1950 2686 antiquas

318 2699 362 2790 et,
376 2711 508 2790 nouas,
529 2713 613 2772 curn
635 2685 713 2774 suis
733 2685 1072 2802 pertinentijs,'pro
1091 2683 1282 2772 uoluntate
1301 2712 1372 2770 sua
1392 2681 1518 2768 locent
1537 2681 1615 2765 iure
1635 2681 1849 2770 theutonico
1870 2686 1951 2774 siue

320 2801 520 2922 pollonico.
576 2803 632 2891 lta
668 2803 771 2923 quod
803 2833 935 2892 omnes
967 2801 1090 2890 incole
1129 2813 1168 2889 et
1201 2799 1470 2888 inhabitatores
1504 2795 1674 2883 villarum
1709 2814 1746 2886 et
1779 2799 1950 2888 locorum

318 2919 595 3038 predictorum,
624 2921 730 3009 liberi
750 2921 824 3011 sint
843 2919 990 3038 penitus
1011 2936 1049 3006 et
1067 2921 1250 3007 immunes
1276 2920 1325 3005 ab
1347 2915 1520 3004 omnibus
1539 2913 1707 3003 collectis
1727 2930 1766 3003 et
1784 2917 1952 3029 auctio

320 3036 429 3126 nibtu
450 3051 485 3126 et
507 3038 711 3142 seruitibus
729 3039 825 3151 (sic),
855 3066 1093 3156 quocumque
1113 3037 1263 3131 nomine
1282 3047 1520 3138 censeantur,
1540 3059 1612 3118 neo
1632 3062 1701 3150 per
1720 3063 1803 3142 nos,
1824 3049 1859 3122 et
1880 3066 1951 3171 per

320 3168 472 3244 nostros
501 3155 658 3246 ludices
688 3157 918 3262 citabuntur,
955 3156 1015 3242 uel
1044 3153 1324 3261 iudicabuntnr3
1360 3167 1399 3240 et
1426 3152 1459 3238 si
1487 3149 1588 3235 citati
1614 3150 1767 3256 luerint,
1803 3153 1952 3242 minrmc

321 3273 617 3392 comparebunt
654 3275 734 3362 Sed
762 3275 911 3362 omnino
941 3271 1177 3360 dominorum
1203 3299 1359 3358 suorum
1385 3281 1424 3354 et
1448 3264 1735 3372 scoltbetonrm,
1764 3297 1833 3354 seu
1885 3301 1950 3358 ro·

321 3405 536 3480 curatorum
556 3421 707 3497 eorum,
740 3393 778 3478 in
799 3391 970 3480 omnibus
991 3391 1117 3478 causis
1139 3387 1357 3506 capitalibus
1377 3397 1414 3474 et
1434 3383 1583 3471 minutis
1603 3385 1787 3520 parebunt
1805 3301 1951 3504 iudiciis

320 3521 359 3596 et
378 3507 573 3596 mandatis.
623 3508 790 3597 Predicti
810 3509 930 3596 eoicrn
956 3506 1190 3626 Episcopus,
1217 3505 1359 3592 Prelcti
1377 3515 1416 3592 et
1435 3501 1637 3606 Canonicr,
1662 3503 1701 3589 in
1721 3505 1894 3594 omnibus
1914 3515 1953 3592 et

319 3625 479 3744 singulis
510 3625 636 3715 lundis
671 3625 925 3746 predictarum
960 3625 1129 3712 villarum
1164 3638 1202 3710 et
1235 3621 1543 3741 possessionum,
1579 3619 1749 3708 ciuitates
1784 3636 1822 3708 et
1855 3621 1952 3711 elias

319 3743 542 3833 munitiones
562 3743 788 3834 edilicabnnt
808 3744 934 3848 libere,
961 3743 1042 3831 sine
1064 3740 1228 3862 qualibet
1247 3738 1553 3843 contradictione,
1580 3737 1644 3824 ubi
1665 3752 1702 3826 et
1721 3737 1875 3856 quando
1895 3742 1955 3826 eis
1983 3810 1988 3834 ,

320 3858 506 3948 uidebitur
538 3861 725 3980 expedire.
776 3859 827 3948 Et
857 3877 900 3950 ut
926 3861 1090 3949 breuiter
1120 3861 1159 3947 in
1186 3858 1258 3976 bijs
1287 3857 1481 3964 omnibus,
1516 3855 1592 3942 don
1625 3867 1664 3939 et
1691 3853 1802 3940 beato
1829 3855 1952 3942 llario
2038 3873 2044 3882 '

319 3978 377 4065 vir
407 3978 470 4084 'ni,
497 4009 631 4098 purum
651 3979 873 4100 obsequium
894 3993 1067 4096 prestare
1087 3975 1297 4066 valeamus:
1323 3973 1541 4062 memoratis
1562 3969 1721 4056 dominis
1741 3968 1950 4088 Episcopo,

320 4008 473 4216 prelbtis
494 4112 532 4184 et
553 4097 767 4203 Canonicis,
788 4099 823 4183 in
841 4096 993 4216 prolatis
1009 4095 1115 4202 villis,
1137 4092 1445 4212 possessionibus
1466 4103 1505 4176 et
1522 4087 1657 4189 lundis,
1677 4114 1774 4202 quos
1795 4089 1954 4174 nuncin

320 4229 453 4302 nostro
474 4212 657 4321 dominio,
689 4213 790 4333 quod
820 4215 856 4300 in
876 4213 1041 4332 presenti
1068 4212 1272 4316 babemus,
1302 4223 1339 4297 et
1366 4209 1403 4293 in
1420 4221 1616 4326 posterum
1636 4200 1791 4290 domino
1812 4232 1951 4292 conce·

321 4331 434 4420 dente
454 4331 687 4436 babebimus,
711 4329 908 4447 possident
927 4330 988 4415 uel
1008 4325 1257 4448 possidebunt
1277 4327 1315 4414 in
1334 4326 1468 4428 futuro,
1498 4351 1609 4410 ornae
1628 4321 1697 4426 ius,
1717 4317 1823 4439 quod
1841 4321 1952 4410 nobis

322 4451 500 4568 competit
525 4449 563 4536 in
583 4449 765 4568 presenti,
796 4443 856 4534 uel
877 4459 1093 4563 competere
1122 4445 1261 4532 nostris
1290 4439 1579 4530 successoribus
1605 4451 1736 4556 posset
1763 4437 1800 4524 in
1820 4453 1949 4555 poste-

320 4595 414 4673 rum,
435 4565 571 4654 dumus
591 4582 629 4655 et
643 4567 893 4686 resignamus,
912 4563 1023 4652 nicbil
1043 4565 1078 4648 in
1098 4560 1244 4655 eisdem
1264 4558 1374 4648 nobis
1395 4559 1484 4646 iuris
1505 4569 1756 4646 reseruantes
1786 4552 1845 4641 Eo
1865 4555 1950 4643 solo

322 4699 502 4804 excepto,
534 4681 646 4802 ‘quod'
673 4680 722 4772 de
751 4683 883 4804 uiginti
914 4681 1055 4768 mansis
1083 4685 1285 4792 flanteque,
1322 4705 1433 4764 unum
1466 4675 1651 4762 bominem
1685 4687 1868 4760 armatum
1900 4670 1952 4760 ad

322 4795 578 4892 defensionem
612 4817 710 4890 torre
746 4805 984 4913 Cuyooiensir
1019 4809 1160 4885 tantum
1196 4795 1305 4884 nobis
1341 4795 1485 4884 mittere
1519 4787 1753 4880 tenebuntur.
1805 4787 1885 4904 Qui
1918 4789 1952 4878 si
