4876 5940
1135 733 1410 811 -208-

486 1147 489 1154 ,
1150 953 1568 1140 oomur.'„-·
1745 1099 1749 1117 ὅ
1872 986 1876 998 ·
2002 1001 2006 1012 ·

490 1341 494 1349 ,
573 1187 847 1374 Redemi
872 1221 1028 1323 ummo
1060 1231 1198 1322 1³12
1224 1235 1320 1321 dte
1344 1215 1383 1319 '2
1409 1235 1609 1321 menois
1634 1209 1974 1334 uocemue,
2038 1171 2041 1179 i
2086 1203 2092 1327 J

459 1439 943 1536 commutamnus
970 1437 1257 1530 armoricam,
1284 1437 1408 1512 curm
1427 1416 1594 1512 onmem
1616 1437 1757 1512 amoto
1781 1431 1966 1532 mennon
1980 1433 2090 1510 nuc·

772 1543 854 1614 oeno
867 1542 1095 1636 possidendum
1104 1541 1212 1630 docnt,
1226 1541 1324 1616 cortis
1339 1539 1571 1615 montorium
1584 1537 1721 1635 adactu
1735 1541 1785 1626 (¹).

561 1734 604 1822 ln
625 1735 776 1824 nomine
796 1731 955 1840 domini,
985 1763 1108 1821 amen.
1170 1727 1354 1820 Nouerint
1373 1731 1548 1836 universi,
1577 1729 1628 1818 ad
1650 1759 1749 1849 quos
1770 1731 1982 1846 peruenerit
2000 1759 2092 1849 prc-

460 1885 551 1947 seus
584 1855 779 1970 scriptum:
826 1851 928 1970 quod
960 1879 1031 1938 nos
1058 1848 1293 1955 Geruardus,
1328 1849 1390 1937 dei
1416 1851 1552 1971 gracia
1578 1847 1742 1936 ecclesie
1765 1846 2092 1938 Wladislauiensis

460 1973 681 2090 episcopus,
707 1971 901 2086 cupientes
921 1971 958 2058 in
979 1969 1151 2058 omnibus
1172 1980 1304 2058 nostre
1319 1967 1481 2058 ecclesie
1502 1967 1702 2056 meliorare
1717 1982 1941 2174 prouentus,
1962 1965 2094 2056 habito

326 2189 332 2201 ‚
460 2089 657 2180 sullicienti
676 2089 828 2178 fratrum
850 2103 1063 2181 nostrorum
1085 2087 1233 2204 capituli
1255 2083 1595 2202 Wlndyslauiensis
1616 2087 1722 2176 consi
1737 2087 1789 2190 io,
1812 2087 1954 2201 pariter
1973 2099 2011 2174 et
2027 2114 2092 2174 ns-

322 2246 332 2284 ·
461 2237 595 2312 sensu,
626 2205 853 2296 hereditates
870 2220 1023 2296 nostras
1046 2209 1169 2316 Ocno,
1184 2209 1371 2318 Occursu,
1412 2210 1645 2320 Wyclreuitp
1666 2219 1703 2294 et
1722 2211 1892 2318 Rcdcicy
1909 2201 2092 2294 inunum

462 2325 534 2412 has
551 2354 684 2412 omnes
705 2322 971 2426 hereditatem,
1004 2353 1115 2444 quam
1138 2353 1212 2410 nno
1234 2325 1383 2409 nomine
1407 2327 1511 2409 Osco
1542 2323 1591 2409 wl
1623 2323 1737 2410 ariter
1756 2321 1964 2438 nuncupari
1989 2321 2093 2411 volu·

462 2473 547 2533 mus
569 2437 652 2554 (²),
684 2443 916 2544 coniunctas
938 2439 1103 2530 discreto
1124 2443 1207 2530 viro
1228 2439 1457 2548 Olbrachto,
1479 2352 1670 2558 quantiam
1691 2439 1875 2556 Strobiry,
1896 2451 2027 2529 nostro
2044 2437 2094 2526 de

462 2555 702 2671 licenciati)
719 2559 890 2663 sculteto,
909 2559 988 2646 'ure
1008 2559 1307 2680 magdburgensi
1323 2560 1415 2664 (sic),
1433 2559 1504 2646 sub
1526 2588 1573 2646 ea
1593 2557 1856 2663 ordinacione,
1874 2589 1948 2680 que
1967 2557 2094 2676 sequi·

463 2692 533 2781 tur,
558 2678 801 2793 exposuimus
829 2676 879 2764 ad
916 2676 1114 2765 noandum.
1175 2677 1232 2763 lta
1253 2675 1446 2782 videlicet,
1479 2675 1582 2796 quod
1603 2676 1727 2794 eidem
1747 2676 1905 2764 sculteto
1933 2675 2090 2762 racione

460 2795 687 2899 locucionis,
719 2793 902 2882 decimum
925 2825 1094 2882 mansum
1115 2795 1272 2882 liberum
1292 2823 1317 2880 a
1337 2823 1455 2883 censu
1476 2807 1639 2900 tanturn,
1671 2809 1708 2883 et
1728 2824 1805 2882 non
1824 2822 1849 2880 a
1869 2789 2032 2896 decima,
2055 2806 2094 2882 et

320 3013 324 3022 ,
461 2915 541 3002 suis
569 2913 732 3030 posteris
755 2911 964 3032 legittimiS,
989 2915 1076 3031 jure
1096 2909 1323 3006 hereditario
1349 2913 1618 3030 imperpetuum
1640 2912 1798 3030 pacilica
1805 2908 2093 3118 possidendum

462 3029 635 3118 dedimus
665 3043 703 3117 et
731 3031 956 3117 conferimus
986 3061 1055 3149 per
1082 3045 1290 3148 presentes.
1346 3029 1530 3118 Preterea
1558 3030 1681 3119 incole
1711 3031 1802 3118 here
1832 3031 1930 3117 itatis
1960 3041 2092 3118 nostre

462 3146 646 3268 predicte,
689 3143 739 3233 de
765 3149 906 3236 mansis
935 3147 1081 3236 incultis
1110 3163 1148 3236 at
1176 3147 1424 3266 extirpandis,
1465 3163 1626 3268 quatuor
1652 3177 1835 3236 annorum
1869 3146 2091 3268 gaudebunt

462 3265 679 3360 omnimoda
699 3264 879 3354 libertate.
922 3265 1039 3356 ·.lnlra
1070 3295 1169 3386 quos
1197 3281 1320 3356 tamen
1341 3297 1481 3371 annos,
1512 3266 1562 3356 de
1583 3268 1776 3385 extirpatis
1800 3283 1839 3356 et
1859 3267 1969 3358 cultis
1989 3263 2093 3357 dcci·

463 3414 563 3482 mam
577 3385 685 3478 nobis
705 3381 865 3474 soluent.
928 3381 1077 3498 Quibus
1097 3387 1206 3474 nonis
1228 3381 1406 3474 libertatis
1415 3383 1588 3488 ,·euulsis,
1609 3385 1766 3501 predicti
1784 3385 1906 3479 incola
1928 3383 1976 3473 da
1992 3413 2094 3503 quo·

463 3501 553 3588 libet
579 3531 714 3588 manso
745 3501 1109 3592 mediammurcnm·
1123 3503 1413 3591 'thumnensium
1431 3501 1685 3591 'donariorum
1716 3506 1871 3591 racione
1892 3533 2034 3590 census
2055 3501 2094 3589 in

462 3618 560 3704 leste
579 3619 678 3704 beati
706 3617 875 3727 Martini,
912 3635 950 3706 et
976 3618 1160 3709 decimam
1187 3621 1419 3739 integraliter
1449 3622 1485 3708 in
1511 3651 1647 3740 campo
1671 3637 1840 3738 tempore
1860 3621 2017 3724 messis,
2048 3649 2096 3708 ac

464 3733 575 3822 linum
606 3734 789 3822 deeimala
812 3766 885 3824 suo
911 3753 1080 3854 tempore
1109 3738 1219 3826 nobis
1246 3755 1283 3825 et
1313 3740 1453 3827 nostris
1483 3740 1774 3827 successoribus
1804 3737 1971 3858 quolibet
1992 3765 2094 3824 anuo
2225 3789 2229 3798 ·

463 3851 616 3944 soluere
636 3853 867 3941 tenebuntur.
906 3855 1032 3969 Quem
1053 3885 1207 3943 censum
1230 3870 1347 3944 totum
1368 3858 1534 3972 prelatus
1554 3857 1737 3945 scultetus
1759 3872 1890 3945 noster
1911 3855 2096 3944 tenebitur

464 3973 620 4092 exigere
646 3987 683 4059 et
712 3971 821 4059 nobis
849 3973 1081 4092 integraliter
1107 3974 1322 4094 assignare.
1383 3974 1476 4061 ltcm
1505 3973 1678 4092 predicto
1707 3987 1839 4063 nostro
1870 3973 2030 4062 sculteto
2060 3985 2098 4059 et

564 4187 604 4273 (¹)
632 4186 677 4282 Eu
693 4187 854 4276 archetypo
868 4187 1098 4290 membranaceo
1112 4189 1252 4290 tabularii
1266 4189 1387 4290 capituli
1405 4191 1669 4258 wladislaviensis
1682 4192 1838 4288 ,Duorum
1853 4189 2019 4276 sigillorum
2042 4189 2095 4256 ul)-

464 4279 622 4358 rupterum
637 4281 801 4357 concreant
814 4280 933 4344 nomm
948 4271 1072 4342 annuo
1086 4274 1173 4342 carior
1188 4274 1290 4342 undu
1304 4274 1433 4342 coloris.'
1482 4281 1506 4294 '·
1570 4299 1574 4310 ·
1724 4326 1728 4336 .

498 4439 506 4454 ⁶
565 4355 605 4441 (²)
635 4355 718 4454 'Otno
733 4357 934 4456 dolcepdroo
948 4359 1273 4460 etpodletcclinlerior
1297 4361 1449 4460 superior,
1472 4369 1503 4426 et
1530 4359 1568 4425 ad
1587 4359 1693 4427 silvanr
1713 4359 1778 4444 sita)
1812 4357 1917 4426 Ociocz
1943 4355 2051 4454 (major
2065 4366 2097 4425 ot

465 4439 588 4523 mucel,
615 4441 858 4542 unllaeregroun
879 4445 1058 4541 βωεῐοαιιι
1098 4445 1155 4541 Est
1172 4452 1271 4546 otram
1331 4445 1435 4531 ριάαιιι
1461 4443 1599 4543 Oetaeum
1619 4446 1717 4544 ‚inm
1738 4441 2099 4543 mne-hymnicinum

466 4523 913 4676 ddiffifflffiiiiiurssffi}
933 4527 1140 4608 Romulensis,
1166 4527 1270 4599 thdlc
1339 4529 1465 4618 dunelm,
1479 4530 1548 4598 urdo
1562 4549 1694 4617 regions
1708 4465 1893 4607 diastema,
1915 4547 2023 4595 omnes
2039 4527 2099 4594 irae

567 4691 609 4788 (Ἴ
636 4689 692 4756 ilie
712 4693 885 4794 inteligitur
905 4715 967 4794 non
987 4695 1131 4796 oppidum
1144 4696 1278 4794 βοείῳ,
1301 4698 1331 4762 in
1346 4697 1499 4788 provincia
1515 4697 1667 4774 Ploeonsi,
1688 4697 1812 4784 ragione
1830 4694 1979 4764 lssovonsi
1994 4695 2096 4772 situm,

465 4773 519 4840 sod
533 4771 683 4861 ⁴upptdum
706 4775 857 4858 &mmet
876 4785 1018 4848 tcmrtorrr
1046 4779 1242 4866 Gujarroosio,
1258 4771 1660 4868 regionis-Radriejoricnsio
1679 4801 1741 4848 non
1764 4781 1902 4869 procula
1931 4779 2049 4852 Vocula
2064 4785 2096 4844 et

465 4859 593 4946 regione
607 4857 765 4926 loruurbis
779 4863 1063 4930 Nioszariaositum.
1357 4889 1360 4896 ·
1396 4867 1398 4874 ’
1552 4889 1556 4894 ·
2034 4866 2049 4910 -·
2068 4863 2094 4906 ·“
