<?xml version="1.0" encoding="UTF-8"?>
<!DOCTYPE html PUBLIC "-//W3C//DTD XHTML 1.0 Transitional//EN"
    "http://www.w3.org/TR/xhtml1/DTD/xhtml1-transitional.dtd">
<html xmlns="http://www.w3.org/1999/xhtml" xml:lang="en" lang="en">
 <head>
  <title>
</title>
<meta http-equiv="Content-Type" content="text/html;charset=utf-8" />
  <meta name='ocr-system' content='tesseract 3.04.00' />
  <meta name='ocr-capabilities' content='ocr_page ocr_carea ocr_par ocr_line ocrx_word'/>
</head>
<body>
  <div class='ocr_page' id='page_1' title='image "./codexdiplomatic01bartgoog_0350.png"; bbox 0 0 4878 5942; ppageno 0'>
   <div class='ocr_carea' id='block_1_1' title="bbox 1153 707 1551 790">
    <p class='ocr_par' dir='ltr' id='par_1_1' title="bbox 1153 707 1551 790">
     <span class='ocr_line' id='line_1_1' title="bbox 1153 707 1551 790; baseline -0.003 -1"><span class='ocrx_word' id='word_1_1' title='bbox 1153 707 1551 790; x_wconf 82' lang='grc' dir='ltr'><strong>--304--Ι</strong></span> 
     </span>
    </p>
   </div>
   <div class='ocr_carea' id='block_1_2' title="bbox 351 914 2211 4454">
    <p class='ocr_par' dir='ltr' id='par_1_2' title="bbox 351 897 2211 4454">
     <span class='ocr_line' id='line_1_2' title="bbox 474 914 2113 1040; baseline 0.001 -34"><span class='ocrx_word' id='word_1_2' title='bbox 474 931 691 1040; x_wconf 79' lang='lat' dir='ltr'><strong>gruentem‚</strong></span> <span class='ocrx_word' id='word_1_3' title='bbox 709 915 933 1004; x_wconf 63' lang='lat' dir='ltr'><strong>⁴huiusmodi</strong></span> <span class='ocrx_word' id='word_1_4' title='bbox 955 945 1106 1014; x_wconf 80' lang='lat' dir='ltr'><strong>suarum</strong></span> <span class='ocrx_word' id='word_1_5' title='bbox 1129 914 1373 1004; x_wconf 91' lang='lat' dir='ltr'><strong>hereditatum</strong></span> <span class='ocrx_word' id='word_1_6' title='bbox 1395 929 1703 1036; x_wconf 76' lang='lat' dir='ltr'><strong>recognouerunt</strong></span> <span class='ocrx_word' id='word_1_7' title='bbox 1721 944 1766 1003; x_wconf 89' lang='lat' dir='ltr'><strong>se</strong></span> <span class='ocrx_word' id='word_1_8' title='bbox 1784 914 1931 1007; x_wconf 80' lang='lat' dir='ltr'><strong>iecisse</strong></span> <span class='ocrx_word' id='word_1_9' title='bbox 1953 947 2113 1034; x_wconf 75' lang='lat' dir='ltr'><strong>pennu.</strong></span> 
     </span>
     <span class='ocr_line' id='line_1_3' title="bbox 476 1031 2101 1154; baseline -0.001 -28"><span class='ocrx_word' id='word_1_10' title='bbox 476 1039 660 1126; x_wconf 90' lang='lat' dir='ltr'><strong>tacionem</strong></span> <span class='ocrx_word' id='word_1_11' title='bbox 698 1035 762 1121; x_wconf 83' lang='lat' dir='ltr'><strong>tali</strong></span> <span class='ocrx_word' id='word_1_12' title='bbox 783 1035 903 1122; x_wconf 80' lang='lat' dir='ltr'><strong>torma</strong></span> <span class='ocrx_word' id='word_1_13' title='bbox 924 1047 962 1121; x_wconf 87' lang='lat' dir='ltr'><strong>et</strong></span> <span class='ocrx_word' id='word_1_14' title='bbox 982 1031 1222 1122; x_wconf 87' lang='lat' dir='ltr'><strong>condicione:</strong></span> <span class='ocrx_word' id='word_1_15' title='bbox 1251 1035 1355 1154; x_wconf 92' lang='lat' dir='ltr'><strong>quod</strong></span> <span class='ocrx_word' id='word_1_16' title='bbox 1384 1035 1482 1123; x_wconf 89' lang='lat' dir='ltr'><strong>idom</strong></span> <span class='ocrx_word' id='word_1_17' title='bbox 1504 1034 1678 1121; x_wconf 92' lang='lat' dir='ltr'><strong>dominus</strong></span> <span class='ocrx_word' id='word_1_18' title='bbox 1698 1033 1895 1123; x_wconf 85' lang='lat' dir='ltr'><strong>lohannes</strong></span> <span class='ocrx_word' id='word_1_19' title='bbox 1916 1037 2035 1152; x_wconf 88' lang='lat' dir='ltr'><strong>tytulo</strong></span> <span class='ocrx_word' id='word_1_20' title='bbox 2062 1054 2101 1125; x_wconf 87' lang='lat' dir='ltr'><strong>et</strong></span> 
     </span>
     <span class='ocr_line' id='line_1_4' title="bbox 474 1151 2103 1271; baseline -0.001 -29"><span class='ocrx_word' id='word_1_21' title='bbox 474 1156 627 1243; x_wconf 81' lang='lat' dir='ltr'><strong>racione</strong></span> <span class='ocrx_word' id='word_1_22' title='bbox 646 1153 936 1271; x_wconf 91' lang='lat' dir='ltr'><strong>permutacionis</strong></span> <span class='ocrx_word' id='word_1_23' title='bbox 959 1183 1071 1270; x_wconf 88' lang='lat' dir='ltr'><strong>pure,</strong></span> <span class='ocrx_word' id='word_1_24' title='bbox 1102 1181 1125 1238; x_wconf 88' lang='lat' dir='ltr'><strong>a</strong></span> <span class='ocrx_word' id='word_1_25' title='bbox 1147 1151 1256 1240; x_wconf 91' lang='lat' dir='ltr'><strong>dictis</strong></span> <span class='ocrx_word' id='word_1_26' title='bbox 1277 1152 1436 1241; x_wconf 91' lang='lat' dir='ltr'><strong>dominis</strong></span> <span class='ocrx_word' id='word_1_27' title='bbox 1458 1218 1467 1240; x_wconf 89' lang='lat'><strong>.</strong></span> <span class='ocrx_word' id='word_1_28' title='bbox 1489 1218 1499 1238; x_wconf 88' lang='lat'><strong>.</strong></span> <span class='ocrx_word' id='word_1_29' title='bbox 1522 1153 1604 1264; x_wconf 88' lang='lat' dir='ltr'><strong>(sio)</strong></span> <span class='ocrx_word' id='word_1_30' title='bbox 1626 1151 1822 1270; x_wconf 78' lang='lat' dir='ltr'><strong>Episcopo</strong></span> <span class='ocrx_word' id='word_1_31' title='bbox 1844 1168 1911 1241; x_wconf 92' lang='lat' dir='ltr'><strong>et.</strong></span> <span class='ocrx_word' id='word_1_32' title='bbox 1934 1158 2103 1270; x_wconf 79' lang='lat' dir='ltr'><strong>‚capitu-</strong></span> 
     </span>
     <span class='ocr_line' id='line_1_5' title="bbox 474 1269 2211 1388; baseline 0 -30"><span class='ocrx_word' id='word_1_33' title='bbox 474 1275 527 1377; x_wconf 91' lang='lat' dir='ltr'><strong>lo,</strong></span> <span class='ocrx_word' id='word_1_34' title='bbox 557 1271 666 1358; x_wconf 88' lang='lat' dir='ltr'><strong>uillas</strong></span> <span class='ocrx_word' id='word_1_35' title='bbox 687 1284 724 1364; x_wconf 83' lang='lat' dir='ltr'><strong>et</strong></span> <span class='ocrx_word' id='word_1_36' title='bbox 745 1271 972 1358; x_wconf 75' lang='lat' dir='ltr'><strong>hereditates</strong></span> <span class='ocrx_word' id='word_1_37' title='bbox 995 1273 1164 1387; x_wconf 92' lang='lat' dir='ltr'><strong>ipsorum</strong></span> <span class='ocrx_word' id='word_1_38' title='bbox 1192 1270 1355 1360; x_wconf 85' lang='lat' dir='ltr'><strong>ecclesie</strong></span> <span class='ocrx_word' id='word_1_39' title='bbox 1390 1271 1704 1361; x_wconf 87' lang='lat' dir='ltr'><strong>wladislauiensis</strong></span> <span class='ocrx_word' id='word_1_40' title='bbox 1735 1269 1905 1388; x_wconf 90' lang='lat' dir='ltr'><strong>predicte</strong></span> <span class='ocrx_word' id='word_1_41' title='bbox 1934 1275 2103 1361; x_wconf 83' lang='lat' dir='ltr'><strong>Sobotdo</strong></span> <span class='ocrx_word' id='word_1_42' title='bbox 2208 1308 2211 1317; x_wconf 92' lang='lat'><strong>·</strong></span> 
     </span>
     <span class='ocr_line' id='line_1_6' title="bbox 408 1381 2104 1507; baseline -0.001 -29"><span class='ocrx_word' id='word_1_43' title='bbox 408 1475 412 1486; x_wconf 86' lang='grc'><strong>,</strong></span> <span class='ocrx_word' id='word_1_44' title='bbox 474 1407 509 1478; x_wconf 89' lang='lat' dir='ltr'><strong>et</strong></span> <span class='ocrx_word' id='word_1_45' title='bbox 529 1381 827 1503; x_wconf 66' lang='lat' dir='ltr'><strong>Zo&#39;pnissouicza</strong></span> <span class='ocrx_word' id='word_1_46' title='bbox 849 1391 885 1475; x_wconf 93' lang='lat' dir='ltr'><strong>in</strong></span> <span class='ocrx_word' id='word_1_47' title='bbox 905 1405 1005 1476; x_wconf 88' lang='lat' dir='ltr'><strong>terra</strong></span> <span class='ocrx_word' id='word_1_48' title='bbox 1027 1387 1263 1477; x_wconf 89' lang='lat' dir='ltr'><strong>Lanoiciensi</strong></span> <span class='ocrx_word' id='word_1_49' title='bbox 1285 1391 1321 1475; x_wconf 95' lang='lat' dir='ltr'><strong>in</strong></span> <span class='ocrx_word' id='word_1_50' title='bbox 1342 1390 1457 1478; x_wconf 90' lang='lat' dir='ltr'><strong>ssuuio</strong></span> <span class='ocrx_word' id='word_1_51' title='bbox 1480 1396 1632 1475; x_wconf 77' lang='lat' dir='ltr'><strong>Brauro</strong></span> <span class='ocrx_word' id='word_1_52' title='bbox 1652 1389 1736 1499; x_wconf 86' lang='lat' dir='ltr'><strong>(sic)</strong></span> <span class='ocrx_word' id='word_1_53' title='bbox 1758 1390 1852 1488; x_wconf 82' lang='lat' dir='ltr'><strong>sitas</strong></span> <span class='ocrx_word' id='word_1_54' title='bbox 1872 1385 1952 1503; x_wconf 71' lang='lat'><strong>(²),</strong></span> <span class='ocrx_word' id='word_1_55' title='bbox 1975 1419 2045 1507; x_wconf 94' lang='lat' dir='ltr'><strong>pro</strong></span> <span class='ocrx_word' id='word_1_56' title='bbox 2061 1421 2104 1478; x_wconf 90' lang='lat' dir='ltr'><strong>se</strong></span> 
     </span>
     <span class='ocr_line' id='line_1_7' title="bbox 473 1505 2105 1628; baseline 0 -33"><span class='ocrx_word' id='word_1_57' title='bbox 473 1510 627 1628; x_wconf 85' lang='lat' dir='ltr'><strong>suisque</strong></span> <span class='ocrx_word' id='word_1_58' title='bbox 648 1507 850 1595; x_wconf 86' lang='lat' dir='ltr'><strong>heredibus</strong></span> <span class='ocrx_word' id='word_1_59' title='bbox 871 1537 918 1594; x_wconf 89' lang='lat' dir='ltr'><strong>ac</strong></span> <span class='ocrx_word' id='word_1_60' title='bbox 937 1505 1433 1626; x_wconf 80' lang='lat' dir='ltr'><strong>legittimissuccessoribus</strong></span> <span class='ocrx_word' id='word_1_61' title='bbox 1454 1508 1641 1624; x_wconf 85' lang='lat' dir='ltr'><strong>recipiens</strong></span> <span class='ocrx_word' id='word_1_62' title='bbox 1662 1537 1709 1592; x_wconf 87' lang='lat' dir='ltr'><strong>ex</strong></span> <span class='ocrx_word' id='word_1_63' title='bbox 1731 1519 1810 1594; x_wconf 92' lang='lat' dir='ltr'><strong>toto</strong></span> <span class='ocrx_word' id='word_1_64' title='bbox 1832 1519 1869 1594; x_wconf 91' lang='lat' dir='ltr'><strong>et</strong></span> <span class='ocrx_word' id='word_1_65' title='bbox 1886 1523 2105 1624; x_wconf 84' lang='lat' dir='ltr'><strong>acceptans,</strong></span> 
     </span>
     <span class='ocr_line' id='line_1_8' title="bbox 474 1623 2106 1742; baseline 0 -30"><span class='ocrx_word' id='word_1_66' title='bbox 474 1627 598 1712; x_wconf 92' lang='lat' dir='ltr'><strong>villam</strong></span> <span class='ocrx_word' id='word_1_67' title='bbox 620 1655 726 1712; x_wconf 90' lang='lat' dir='ltr'><strong>suam</strong></span> <span class='ocrx_word' id='word_1_68' title='bbox 748 1632 982 1738; x_wconf 78' lang='lat' dir='ltr'><strong>Zdroohlpno</strong></span> <span class='ocrx_word' id='word_1_69' title='bbox 1005 1624 1200 1737; x_wconf 60' lang='lat' dir='ltr'><strong>wlgariter</strong></span> <span class='ocrx_word' id='word_1_70' title='bbox 1221 1641 1511 1742; x_wconf 80' lang='lat' dir='ltr'><strong>nunccupatam</strong></span> <span class='ocrx_word' id='word_1_71' title='bbox 1547 1627 1582 1710; x_wconf 95' lang='lat' dir='ltr'><strong>in</strong></span> <span class='ocrx_word' id='word_1_72' title='bbox 1605 1640 1706 1711; x_wconf 88' lang='lat' dir='ltr'><strong>terra</strong></span> <span class='ocrx_word' id='word_1_73' title='bbox 1727 1623 1895 1740; x_wconf 86' lang='lat' dir='ltr'><strong>Cuyauie</strong></span> <span class='ocrx_word' id='word_1_74' title='bbox 1916 1625 2106 1729; x_wconf 89' lang='lat' dir='ltr'><strong>situatam,</strong></span> 
     </span>
     <span class='ocr_line' id='line_1_9' title="bbox 474 1741 2107 1860; baseline 0.001 -29"><span class='ocrx_word' id='word_1_75' title='bbox 474 1775 560 1831; x_wconf 94' lang='lat' dir='ltr'><strong>cum</strong></span> <span class='ocrx_word' id='word_1_76' title='bbox 583 1743 755 1831; x_wconf 88' lang='lat' dir='ltr'><strong>omnibus</strong></span> <span class='ocrx_word' id='word_1_77' title='bbox 786 1743 1017 1850; x_wconf 74' lang='lat' dir='ltr'><strong>utilitatibus,</strong></span> <span class='ocrx_word' id='word_1_78' title='bbox 1048 1741 1251 1846; x_wconf 88' lang='lat' dir='ltr'><strong>iruotibus,</strong></span> <span class='ocrx_word' id='word_1_79' title='bbox 1283 1743 1598 1846; x_wconf 88' lang='lat' dir='ltr'><strong>obuencionibus,</strong></span> <span class='ocrx_word' id='word_1_80' title='bbox 1640 1741 1817 1828; x_wconf 88' lang='lat' dir='ltr'><strong>censibus</strong></span> <span class='ocrx_word' id='word_1_81' title='bbox 1846 1757 1882 1828; x_wconf 92' lang='lat' dir='ltr'><strong>et</strong></span> <span class='ocrx_word' id='word_1_82' title='bbox 1919 1744 2107 1860; x_wconf 85' lang='lat' dir='ltr'><strong>portinen-¹</strong></span> 
     </span>
     <span class='ocr_line' id='line_1_10' title="bbox 474 1858 2106 1978; baseline 0.001 -30"><span class='ocrx_word' id='word_1_83' title='bbox 474 1861 541 1978; x_wconf 89' lang='lat' dir='ltr'><strong>oijs</strong></span> <span class='ocrx_word' id='word_1_84' title='bbox 573 1861 778 1963; x_wconf 89' lang='lat' dir='ltr'><strong>uniuersis,</strong></span> <span class='ocrx_word' id='word_1_85' title='bbox 816 1861 852 1946; x_wconf 94' lang='lat' dir='ltr'><strong>in</strong></span> <span class='ocrx_word' id='word_1_86' title='bbox 890 1875 1010 1963; x_wconf 88' lang='lat' dir='ltr'><strong>terra,</strong></span> <span class='ocrx_word' id='word_1_87' title='bbox 1050 1859 1159 1976; x_wconf 86' lang='lat' dir='ltr'><strong>aquis</strong></span> <span class='ocrx_word' id='word_1_88' title='bbox 1191 1873 1228 1946; x_wconf 89' lang='lat' dir='ltr'><strong>et</strong></span> <span class='ocrx_word' id='word_1_89' title='bbox 1262 1861 1462 1948; x_wconf 87' lang='lat' dir='ltr'><strong>arboribus</strong></span> <span class='ocrx_word' id='word_1_90' title='bbox 1501 1889 1600 1946; x_wconf 92' lang='lat' dir='ltr'><strong>nunc</strong></span> <span class='ocrx_word' id='word_1_91' title='bbox 1633 1859 1786 1964; x_wconf 89' lang='lat' dir='ltr'><strong>habitis,</strong></span> <span class='ocrx_word' id='word_1_92' title='bbox 1825 1859 1886 1946; x_wconf 90' lang='lat' dir='ltr'><strong>uel</strong></span> <span class='ocrx_word' id='word_1_93' title='bbox 1921 1858 2106 1949; x_wconf 80' lang='lat' dir='ltr'><strong>habendis</strong></span> 
     </span>
     <span class='ocr_line' id='line_1_11' title="bbox 474 1975 2106 2100; baseline 0.001 -35"><span class='ocrx_word' id='word_1_94' title='bbox 474 1977 745 2100; x_wconf 87' lang='lat' dir='ltr'><strong>quoquomodo</strong></span> <span class='ocrx_word' id='word_1_95' title='bbox 767 1979 803 2063; x_wconf 93' lang='lat' dir='ltr'><strong>in</strong></span> <span class='ocrx_word' id='word_1_96' title='bbox 823 1979 966 2082; x_wconf 81' lang='lat' dir='ltr'><strong>tuturo,</strong></span> <span class='ocrx_word' id='word_1_97' title='bbox 998 1992 1110 2095; x_wconf 91' lang='lat' dir='ltr'><strong>prout</strong></span> <span class='ocrx_word' id='word_1_98' title='bbox 1131 1975 1263 2063; x_wconf 89' lang='lat' dir='ltr'><strong>eadem</strong></span> <span class='ocrx_word' id='word_1_99' title='bbox 1286 1977 1372 2064; x_wconf 88' lang='lat' dir='ltr'><strong>uilla</strong></span> <span class='ocrx_word' id='word_1_100' title='bbox 1393 1981 1471 2065; x_wconf 91' lang='lat' dir='ltr'><strong>suis</strong></span> <span class='ocrx_word' id='word_1_101' title='bbox 1493 1977 1685 2064; x_wconf 81' lang='lat' dir='ltr'><strong>infinibus</strong></span> <span class='ocrx_word' id='word_1_102' title='bbox 1706 1991 1743 2063; x_wconf 89' lang='lat' dir='ltr'><strong>et</strong></span> <span class='ocrx_word' id='word_1_103' title='bbox 1762 1975 1928 2096; x_wconf 76' lang='lat' dir='ltr'><strong>gadibus</strong></span> <span class='ocrx_word' id='word_1_104' title='bbox 1945 1979 2106 2066; x_wconf 86' lang='lat' dir='ltr'><strong>circum-</strong></span> 
     </span>
     <span class='ocr_line' id='line_1_12' title="bbox 473 2094 2104 2216; baseline 0.002 -35"><span class='ocrx_word' id='word_1_105' title='bbox 473 2127 633 2216; x_wconf 91' lang='lat' dir='ltr'><strong>quaque,</strong></span> <span class='ocrx_word' id='word_1_106' title='bbox 654 2094 861 2183; x_wconf 87' lang='lat' dir='ltr'><strong>secundum</strong></span> <span class='ocrx_word' id='word_1_107' title='bbox 878 2095 1161 2180; x_wconf 88' lang='lat' dir='ltr'><strong>distinociouem</strong></span> <span class='ocrx_word' id='word_1_108' title='bbox 1182 2097 1435 2212; x_wconf 86' lang='lat' dir='ltr'><strong>graniciarum</strong></span> <span class='ocrx_word' id='word_1_109' title='bbox 1458 2095 1541 2206; x_wconf 90' lang='lat' dir='ltr'><strong>(sic)</strong></span> <span class='ocrx_word' id='word_1_110' title='bbox 1564 2096 1759 2182; x_wconf 86' lang='lat' dir='ltr'><strong>terminata</strong></span> <span class='ocrx_word' id='word_1_111' title='bbox 1780 2109 1838 2181; x_wconf 89' lang='lat' dir='ltr'><strong>est</strong></span> <span class='ocrx_word' id='word_1_112' title='bbox 1858 2108 1897 2181; x_wconf 89' lang='lat' dir='ltr'><strong>et</strong></span> <span class='ocrx_word' id='word_1_113' title='bbox 1916 2095 2104 2212; x_wconf 86' lang='lat' dir='ltr'><strong>lymitato,</strong></span> 
     </span>
     <span class='ocr_line' id='line_1_13' title="bbox 398 2211 2106 2331; baseline 0.001 -32"><span class='ocrx_word' id='word_1_114' title='bbox 398 2233 402 2244; x_wconf 85' lang='lat'>&#39;</span> <span class='ocrx_word' id='word_1_115' title='bbox 474 2215 643 2331; x_wconf 78' lang='lat' dir='ltr'><strong>prefatis</strong></span> <span class='ocrx_word' id='word_1_116' title='bbox 662 2214 766 2324; x_wconf 90' lang='lat' dir='ltr'><strong>.(sic)</strong></span> <span class='ocrx_word' id='word_1_117' title='bbox 781 2213 963 2328; x_wconf 90' lang='lat' dir='ltr'><strong>episcopo</strong></span> <span class='ocrx_word' id='word_1_118' title='bbox 980 2227 1040 2298; x_wconf 87' lang='lat' dir='ltr'><strong>et.</strong></span> <span class='ocrx_word' id='word_1_119' title='bbox 1057 2211 1162 2322; x_wconf 88' lang='lat' dir='ltr'><strong>.(sic)</strong></span> <span class='ocrx_word' id='word_1_120' title='bbox 1180 2213 1344 2328; x_wconf 87' lang='lat' dir='ltr'><strong>capitulo</strong></span> <span class='ocrx_word' id='word_1_121' title='bbox 1361 2211 1665 2317; x_wconf 88' lang='lat' dir='ltr'><strong>wladislauiensi,</strong></span> <span class='ocrx_word' id='word_1_122' title='bbox 1681 2212 1906 2299; x_wconf 87' lang='lat' dir='ltr'><strong>hereditario</strong></span> <span class='ocrx_word' id='word_1_123' title='bbox 1920 2215 2001 2300; x_wconf 90' lang='lat' dir='ltr'><strong>iure</strong></span> <span class='ocrx_word' id='word_1_124' title='bbox 2017 2223 2106 2300; x_wconf 89' lang='lat' dir='ltr'><strong>tem·</strong></span> 
     </span>
     <span class='ocr_line' id='line_1_14' title="bbox 475 2321 2101 2448; baseline 0.001 -31"><span class='ocrx_word' id='word_1_125' title='bbox 475 2331 629 2448; x_wconf 91' lang='lat' dir='ltr'><strong>poribus</strong></span> <span class='ocrx_word' id='word_1_126' title='bbox 649 2321 839 2446; x_wconf 85' lang='lat' dir='ltr'><strong>perpetuis</strong></span> <span class='ocrx_word' id='word_1_127' title='bbox 860 2327 1071 2434; x_wconf 89' lang='lat' dir='ltr'><strong>tenendam,</strong></span> <span class='ocrx_word' id='word_1_128' title='bbox 1094 2327 1318 2434; x_wconf 89' lang='lat' dir='ltr'><strong>habendam,</strong></span> <span class='ocrx_word' id='word_1_129' title='bbox 1341 2329 1591 2436; x_wconf 87' lang='lat' dir='ltr'><strong>vendendam,</strong></span> <span class='ocrx_word' id='word_1_130' title='bbox 1612 2327 1929 2434; x_wconf 87' lang='lat' dir='ltr'><strong>commutandam,</strong></span> <span class='ocrx_word' id='word_1_131' title='bbox 1951 2329 2101 2419; x_wconf 86' lang='lat' dir='ltr'><strong>donan-</strong></span> 
     </span>
     <span class='ocr_line' id='line_1_15' title="bbox 474 2447 2134 2564; baseline 0.002 -30"><span class='ocrx_word' id='word_1_132' title='bbox 474 2447 574 2551; x_wconf 87' lang='lat' dir='ltr'><strong>dam,</strong></span> <span class='ocrx_word' id='word_1_133' title='bbox 596 2463 642 2552; x_wconf 86' lang='lat' dir='ltr'><strong>et,</strong></span> <span class='ocrx_word' id='word_1_134' title='bbox 664 2461 776 2562; x_wconf 91' lang='lat' dir='ltr'><strong>prout</strong></span> <span class='ocrx_word' id='word_1_135' title='bbox 796 2448 888 2563; x_wconf 91' lang='lat' dir='ltr'><strong>ipsis</strong></span> <span class='ocrx_word' id='word_1_136' title='bbox 910 2447 1102 2564; x_wconf 79' lang='lat' dir='ltr'><strong>placuerit,</strong></span> <span class='ocrx_word' id='word_1_137' title='bbox 1120 2475 1188 2564; x_wconf 91' lang='lat' dir='ltr'><strong>pro</strong></span> <span class='ocrx_word' id='word_1_138' title='bbox 1210 2449 1364 2536; x_wconf 88' lang='lat' dir='ltr'><strong>utilitate</strong></span> <span class='ocrx_word' id='word_1_139' title='bbox 1385 2480 1454 2536; x_wconf 87' lang='lat' dir='ltr'><strong>sue</strong></span> <span class='ocrx_word' id='word_1_140' title='bbox 1475 2449 1636 2536; x_wconf 87' lang='lat' dir='ltr'><strong>ecclesie</strong></span> <span class='ocrx_word' id='word_1_141' title='bbox 1657 2447 1967 2556; x_wconf 89' lang='lat' dir='ltr'><strong>conuertendam,</strong></span> <span class='ocrx_word' id='word_1_142' title='bbox 1990 2448 2106 2537; x_wconf 87' lang='lat' dir='ltr'><strong>libere</strong></span> <span class='ocrx_word' id='word_1_143' title='bbox 2132 2533 2134 2538; x_wconf 86' lang='grc'><em>,</em></span> 
     </span>
     <span class='ocr_line' id='line_1_16' title="bbox 473 2565 2105 2684; baseline -0.001 -30"><span class='ocrx_word' id='word_1_144' title='bbox 473 2596 521 2654; x_wconf 89' lang='lat' dir='ltr'><strong>ac</strong></span> <span class='ocrx_word' id='word_1_145' title='bbox 541 2565 750 2652; x_wconf 87' lang='lat' dir='ltr'><strong>uoluntario</strong></span> <span class='ocrx_word' id='word_1_146' title='bbox 785 2565 1012 2684; x_wconf 83' lang='lat' dir='ltr'><strong>resignanit3</strong></span> <span class='ocrx_word' id='word_1_147' title='bbox 1062 2565 1172 2652; x_wconf 89' lang='lat' dir='ltr'><strong>nichil</strong></span> <span class='ocrx_word' id='word_1_148' title='bbox 1188 2565 1285 2681; x_wconf 90' lang='lat' dir='ltr'><strong>juris</strong></span> <span class='ocrx_word' id='word_1_149' title='bbox 1307 2568 1453 2684; x_wconf 91' lang='lat' dir='ltr'><strong>penitus</strong></span> <span class='ocrx_word' id='word_1_150' title='bbox 1487 2583 1551 2654; x_wconf 90' lang='lat' dir='ltr'><strong>aut</strong></span> <span class='ocrx_word' id='word_1_151' title='bbox 1586 2565 1748 2683; x_wconf 81' lang='lat' dir='ltr'><strong>domioij,</strong></span> <span class='ocrx_word' id='word_1_152' title='bbox 1786 2567 1822 2651; x_wconf 91' lang='lat' dir='ltr'><strong>in</strong></span> <span class='ocrx_word' id='word_1_153' title='bbox 1853 2565 1987 2654; x_wconf 90' lang='lat' dir='ltr'><strong>eadem</strong></span> <span class='ocrx_word' id='word_1_154' title='bbox 2021 2565 2105 2652; x_wconf 89' lang='lat' dir='ltr'><strong>uilla</strong></span> 
     </span>
     <span class='ocr_line' id='line_1_17' title="bbox 473 2681 2104 2804; baseline 0.001 -35"><span class='ocrx_word' id='word_1_155' title='bbox 473 2689 722 2794; x_wconf 85' lang='lat' dir='ltr'><strong>Zbrooltpno,</strong></span> <span class='ocrx_word' id='word_1_156' title='bbox 743 2683 813 2768; x_wconf 90' lang='lat' dir='ltr'><strong>sibi</strong></span> <span class='ocrx_word' id='word_1_157' title='bbox 840 2699 877 2770; x_wconf 89' lang='lat' dir='ltr'><strong>et</strong></span> <span class='ocrx_word' id='word_1_158' title='bbox 897 2685 975 2770; x_wconf 92' lang='lat' dir='ltr'><strong>suis</strong></span> <span class='ocrx_word' id='word_1_159' title='bbox 997 2684 1286 2770; x_wconf 88' lang='lat' dir='ltr'><strong>successoribus</strong></span> <span class='ocrx_word' id='word_1_160' title='bbox 1315 2686 1374 2774; x_wconf 89' lang='lat' dir='ltr'><strong>uel</strong></span> <span class='ocrx_word' id='word_1_161' title='bbox 1408 2685 1611 2771; x_wconf 87' lang='lat' dir='ltr'><strong>heredibus</strong></span> <span class='ocrx_word' id='word_1_162' title='bbox 1632 2681 1876 2784; x_wconf 86' lang='lat' dir='ltr'><strong>reseruando,</strong></span> <span class='ocrx_word' id='word_1_163' title='bbox 1900 2684 2104 2804; x_wconf 79' lang='lat' dir='ltr'><strong>magestati</strong></span> 
     </span>
     <span class='ocr_line' id='line_1_18' title="bbox 473 2797 2105 2920; baseline 0.001 -32"><span class='ocrx_word' id='word_1_164' title='bbox 473 2815 601 2888; x_wconf 92' lang='lat' dir='ltr'><strong>nostre</strong></span> <span class='ocrx_word' id='word_1_165' title='bbox 618 2817 724 2916; x_wconf 88' lang='lat' dir='ltr'><strong>parte</strong></span> <span class='ocrx_word' id='word_1_166' title='bbox 741 2799 823 2911; x_wconf 90' lang='lat' dir='ltr'><strong>(sic)</strong></span> <span class='ocrx_word' id='word_1_167' title='bbox 846 2801 1101 2919; x_wconf 85' lang='lat' dir='ltr'><strong>supplicantes</strong></span> <span class='ocrx_word' id='word_1_168' title='bbox 1121 2801 1314 2888; x_wconf 89' lang='lat' dir='ltr'><strong>humiliter</strong></span> <span class='ocrx_word' id='word_1_169' title='bbox 1345 2833 1415 2920; x_wconf 93' lang='lat' dir='ltr'><strong>pro</strong></span> <span class='ocrx_word' id='word_1_170' title='bbox 1438 2801 1742 2889; x_wconf 80' lang='lat' dir='ltr'><strong>confirmacione.</strong></span> <span class='ocrx_word' id='word_1_171' title='bbox 1775 2797 1861 2888; x_wconf 91' lang='lat' dir='ltr'><strong>Nos</strong></span> <span class='ocrx_word' id='word_1_172' title='bbox 1882 2829 1975 2888; x_wconf 90' lang='lat' dir='ltr'><strong>vero</strong></span> <span class='ocrx_word' id='word_1_173' title='bbox 2001 2801 2105 2918; x_wconf 92' lang='lat' dir='ltr'><strong>ipso-</strong></span> 
     </span>
     <span class='ocr_line' id='line_1_19' title="bbox 472 2915 2104 3037; baseline -0.001 -31"><span class='ocrx_word' id='word_1_174' title='bbox 472 2949 553 3006; x_wconf 85' lang='lat' dir='ltr'><strong>rum</strong></span> <span class='ocrx_word' id='word_1_175' title='bbox 574 2917 835 3036; x_wconf 85' lang='lat' dir='ltr'><strong>supplicationi</strong></span> <span class='ocrx_word' id='word_1_176' title='bbox 857 2919 1072 3036; x_wconf 81' lang='lat' dir='ltr'><strong>graciosius</strong></span> <span class='ocrx_word' id='word_1_177' title='bbox 1104 2935 1325 3025; x_wconf 71' lang='lat' dir='ltr'><strong>annuentes</strong></span> <span class='ocrx_word' id='word_1_178' title='bbox 1347 2922 1613 3037; x_wconf 88' lang='lat' dir='ltr'><strong>utilitatemque</strong></span> <span class='ocrx_word' id='word_1_179' title='bbox 1634 2949 1681 3008; x_wconf 87' lang='lat' dir='ltr'><strong>ao</strong></span> <span class='ocrx_word' id='word_1_180' title='bbox 1702 2915 1941 3006; x_wconf 91' lang='lat' dir='ltr'><strong>commodum</strong></span> <span class='ocrx_word' id='word_1_181' title='bbox 1971 2923 2104 3006; x_wconf 67' lang='lat' dir='ltr'><strong>veorum</strong></span> 
     </span>
     <span class='ocr_line' id='line_1_20' title="bbox 474 3036 2105 3158; baseline 0.002 -37"><span class='ocrx_word' id='word_1_182' title='bbox 474 3038 625 3152; x_wconf 78' lang='lat' dir='ltr'><strong>exips&#39;a</strong></span> <span class='ocrx_word' id='word_1_183' title='bbox 659 3039 940 3150; x_wconf 88' lang='lat' dir='ltr'><strong>permutacione</strong></span> <span class='ocrx_word' id='word_1_184' title='bbox 961 3037 1090 3123; x_wconf 90' lang='lat' dir='ltr'><strong>sanius</strong></span> <span class='ocrx_word' id='word_1_185' title='bbox 1115 3036 1368 3141; x_wconf 87' lang='lat' dir='ltr'><strong>aduertentes,</strong></span> <span class='ocrx_word' id='word_1_186' title='bbox 1406 3037 1565 3126; x_wconf 82' lang='lat' dir='ltr'><strong>eandem</strong></span> <span class='ocrx_word' id='word_1_187' title='bbox 1603 3039 1934 3154; x_wconf 89' lang='lat' dir='ltr'><strong>permutacionem,</strong></span> <span class='ocrx_word' id='word_1_188' title='bbox 1976 3049 2105 3158; x_wconf 90' lang='lat' dir='ltr'><strong>utpote</strong></span> 
     </span>
     <span class='ocr_line' id='line_1_21' title="bbox 474 3153 2155 3273; baseline 0 -33"><span class='ocrx_word' id='word_1_189' title='bbox 474 3153 749 3240; x_wconf 87' lang='lat' dir='ltr'><strong>racionabiliter</strong></span> <span class='ocrx_word' id='word_1_190' title='bbox 777 3153 933 3256; x_wconf 86' lang='lat' dir='ltr'><strong>lactem,</strong></span> <span class='ocrx_word' id='word_1_191' title='bbox 966 3167 1115 3272; x_wconf 82' lang='lat' dir='ltr'><strong>gratam</strong></span> <span class='ocrx_word' id='word_1_192' title='bbox 1137 3169 1172 3242; x_wconf 90' lang='lat' dir='ltr'><strong>et</strong></span> <span class='ocrx_word' id='word_1_193' title='bbox 1193 3168 1390 3272; x_wconf 88' lang='lat' dir='ltr'><strong>acceptam</strong></span> <span class='ocrx_word' id='word_1_194' title='bbox 1422 3153 1624 3264; x_wconf 86' lang='lat' dir='ltr'><strong>habentes,</strong></span> <span class='ocrx_word' id='word_1_195' title='bbox 1657 3185 1705 3242; x_wconf 88' lang='lat' dir='ltr'><strong>ac</strong></span> <span class='ocrx_word' id='word_1_196' title='bbox 1725 3155 1844 3273; x_wconf 89' lang='lat' dir='ltr'><strong>ipsam</strong></span> <span class='ocrx_word' id='word_1_197' title='bbox 1866 3153 2106 3244; x_wconf 87' lang='lat' dir='ltr'><strong>admittentes</strong></span> <span class='ocrx_word' id='word_1_198' title='bbox 2153 3237 2155 3240; x_wconf 85' lang='grc'>,</span> 
     </span>
     <span class='ocr_line' id='line_1_22' title="bbox 472 3265 2106 3392; baseline 0 -34"><span class='ocrx_word' id='word_1_199' title='bbox 472 3271 748 3390; x_wconf 90' lang='lat' dir='ltr'><strong>approbamus,</strong></span> <span class='ocrx_word' id='word_1_200' title='bbox 780 3265 1009 3358; x_wconf 80' lang='lat' dir='ltr'><strong>ratificamus</strong></span> <span class='ocrx_word' id='word_1_201' title='bbox 1050 3285 1088 3356; x_wconf 93' lang='lat' dir='ltr'><strong>ot</strong></span> <span class='ocrx_word' id='word_1_202' title='bbox 1109 3272 1398 3360; x_wconf 69' lang='lat' dir='ltr'><strong>confirmamus,</strong></span> <span class='ocrx_word' id='word_1_203' title='bbox 1449 3271 1505 3359; x_wconf 90' lang='lat' dir='ltr'><strong>lta</strong></span> <span class='ocrx_word' id='word_1_204' title='bbox 1536 3273 1638 3392; x_wconf 91' lang='lat' dir='ltr'><strong>quod</strong></span> <span class='ocrx_word' id='word_1_205' title='bbox 1661 3273 1835 3360; x_wconf 88' lang='lat' dir='ltr'><strong>dominus</strong></span> <span class='ocrx_word' id='word_1_206' title='bbox 1856 3339 1867 3360; x_wconf 90' lang='lat'><strong>.</strong></span> <span class='ocrx_word' id='word_1_207' title='bbox 1889 3340 1899 3360; x_wconf 90' lang='lat'><strong>.</strong></span> <span class='ocrx_word' id='word_1_208' title='bbox 1923 3273 2009 3386; x_wconf 91' lang='lat' dir='ltr'><strong>(sic)</strong></span> <span class='ocrx_word' id='word_1_209' title='bbox 2031 3272 2106 3392; x_wconf 91' lang='lat' dir='ltr'><strong>epi·</strong></span> 
     </span>
     <span class='ocr_line' id='line_1_23' title="bbox 472 3386 2104 3508; baseline 0 -32"><span class='ocrx_word' id='word_1_210' title='bbox 472 3419 616 3507; x_wconf 91' lang='lat' dir='ltr'><strong>scopus</strong></span> <span class='ocrx_word' id='word_1_211' title='bbox 637 3402 676 3474; x_wconf 92' lang='lat' dir='ltr'><strong>et</strong></span> <span class='ocrx_word' id='word_1_212' title='bbox 696 3455 704 3474; x_wconf 94' lang='lat'><strong>.</strong></span> <span class='ocrx_word' id='word_1_213' title='bbox 728 3455 736 3475; x_wconf 94' lang='lat'><strong>.</strong></span> <span class='ocrx_word' id='word_1_214' title='bbox 759 3389 842 3500; x_wconf 86' lang='lat' dir='ltr'><strong>(sic)</strong></span> <span class='ocrx_word' id='word_1_215' title='bbox 865 3389 1066 3505; x_wconf 90' lang='lat' dir='ltr'><strong>capitulum</strong></span> <span class='ocrx_word' id='word_1_216' title='bbox 1090 3390 1252 3478; x_wconf 89' lang='lat' dir='ltr'><strong>ecclesie</strong></span> <span class='ocrx_word' id='word_1_217' title='bbox 1274 3386 1589 3478; x_wconf 87' lang='lat' dir='ltr'><strong>wladislouiensis</strong></span> <span class='ocrx_word' id='word_1_218' title='bbox 1617 3390 1839 3508; x_wconf 88' lang='lat' dir='ltr'><strong>supradicti,</strong></span> <span class='ocrx_word' id='word_1_219' title='bbox 1871 3391 1907 3477; x_wconf 95' lang='lat' dir='ltr'><strong>in</strong></span> <span class='ocrx_word' id='word_1_220' title='bbox 1938 3397 2104 3477; x_wconf 85' lang='lat' dir='ltr'><strong>Zbrucl-</strong></span> 
     </span>
     <span class='ocr_line' id='line_1_24' title="bbox 472 3505 2105 3626; baseline 0.001 -34"><span class='ocrx_word' id='word_1_221' title='bbox 472 3515 558 3620; x_wconf 82' lang='lat' dir='ltr'><strong>lyco</strong></span> <span class='ocrx_word' id='word_1_222' title='bbox 580 3505 667 3592; x_wconf 91' lang='lat' dir='ltr'><strong>uilla</strong></span> <span class='ocrx_word' id='word_1_223' title='bbox 687 3537 757 3592; x_wconf 90' lang='lat' dir='ltr'><strong>sua</strong></span> <span class='ocrx_word' id='word_1_224' title='bbox 779 3507 933 3626; x_wconf 88' lang='lat' dir='ltr'><strong>prelata,</strong></span> <span class='ocrx_word' id='word_1_225' title='bbox 954 3507 1174 3626; x_wconf 80' lang='lat' dir='ltr'><strong>gaudebunt</strong></span> <span class='ocrx_word' id='word_1_226' title='bbox 1195 3511 1294 3596; x_wconf 78' lang='lat' dir='ltr'><strong>ouini</strong></span> <span class='ocrx_word' id='word_1_227' title='bbox 1309 3511 1396 3626; x_wconf 88' lang='lat' dir='ltr'><strong>jure</strong></span> <span class='ocrx_word' id='word_1_228' title='bbox 1418 3538 1465 3596; x_wconf 90' lang='lat' dir='ltr'><strong>ao</strong></span> <span class='ocrx_word' id='word_1_229' title='bbox 1488 3507 1666 3615; x_wconf 86' lang='lat' dir='ltr'><strong>libertate,</strong></span> <span class='ocrx_word' id='word_1_230' title='bbox 1689 3511 1814 3626; x_wconf 89' lang='lat' dir='ltr'><strong>(prout</strong></span> <span class='ocrx_word' id='word_1_231' title='bbox 1834 3509 1872 3595; x_wconf 92' lang='lat' dir='ltr'><strong>in</strong></span> <span class='ocrx_word' id='word_1_232' title='bbox 1889 3507 1971 3624; x_wconf 89' lang='lat' dir='ltr'><strong>alijs</strong></span> <span class='ocrx_word' id='word_1_233' title='bbox 1996 3505 2105 3620; x_wconf 86' lang='lat' dir='ltr'><strong>vittis)</strong></span> 
     </span>
     <span class='ocr_line' id='line_1_25' title="bbox 473 3623 2105 3746; baseline 0.001 -35"><span class='ocrx_word' id='word_1_234' title='bbox 473 3623 646 3711; x_wconf 90' lang='lat' dir='ltr'><strong>omnihus</strong></span> <span class='ocrx_word' id='word_1_235' title='bbox 668 3625 746 3710; x_wconf 92' lang='lat' dir='ltr'><strong>suis</strong></span> <span class='ocrx_word' id='word_1_236' title='bbox 768 3639 803 3712; x_wconf 89' lang='lat' dir='ltr'><strong>et</strong></span> <span class='ocrx_word' id='word_1_237' title='bbox 824 3625 1129 3740; x_wconf 86' lang='lat' dir='ltr'><strong>possessionibus</strong></span> <span class='ocrx_word' id='word_1_238' title='bbox 1167 3627 1402 3746; x_wconf 75' lang='lat' dir='ltr'><strong>gaudentet</strong></span> <span class='ocrx_word' id='word_1_239' title='bbox 1433 3641 1584 3712; x_wconf 91' lang='lat' dir='ltr'><strong>utuntur</strong></span> <span class='ocrx_word' id='word_1_240' title='bbox 1622 3643 1775 3714; x_wconf 90' lang='lat' dir='ltr'><strong>nostros</strong></span> <span class='ocrx_word' id='word_1_241' title='bbox 1805 3623 1923 3743; x_wconf 90' lang='lat' dir='ltr'><strong>priule</strong></span> <span class='ocrx_word' id='word_1_242' title='bbox 1956 3625 2017 3713; x_wconf 89' lang='lat' dir='ltr'><strong>iati</strong></span> <span class='ocrx_word' id='word_1_243' title='bbox 2036 3653 2105 3745; x_wconf 87' lang='lat' dir='ltr'><strong>per</strong></span> 
     </span>
     <span class='ocr_line' id='line_1_26' title="bbox 472 3655 2101 3863; baseline 0.004 -37"><span class='ocrx_word' id='word_1_244' title='bbox 472 3739 782 3860; x_wconf 79' lang='lat' dir='ltr'><strong>predecessores</strong></span> <span class='ocrx_word' id='word_1_245' title='bbox 820 3741 977 3844; x_wconf 83' lang='lat' dir='ltr'><strong>Harum,</strong></span> <span class='ocrx_word' id='word_1_246' title='bbox 1000 3744 1134 3862; x_wconf 90' lang='lat' dir='ltr'><strong>quibus</strong></span> <span class='ocrx_word' id='word_1_247' title='bbox 1156 3759 1324 3831; x_wconf 91' lang='lat' dir='ltr'><strong>nostrum</strong></span> <span class='ocrx_word' id='word_1_248' title='bbox 1347 3745 1514 3863; x_wconf 86' lang='lat' dir='ltr'><strong>Regium</strong></span> <span class='ocrx_word' id='word_1_249' title='bbox 1537 3757 1594 3831; x_wconf 87' lang='lat' dir='ltr'><strong>est</strong></span> <span class='ocrx_word' id='word_1_250' title='bbox 1616 3773 1826 3862; x_wconf 90' lang='lat' dir='ltr'><strong>appensum</strong></span> <span class='ocrx_word' id='word_1_251' title='bbox 1847 3745 1878 3832; x_wconf 90' lang='lat' dir='ltr'><strong>si</strong></span> <span class='ocrx_word' id='word_1_252' title='bbox 1912 3655 2024 3850; x_wconf 87' lang='lat' dir='ltr'><strong>illum,</strong></span> <span class='ocrx_word' id='word_1_253' title='bbox 2046 3757 2101 3831; x_wconf 87' lang='lat' dir='ltr'><strong>le·</strong></span> 
     </span>
     <span class='ocr_line' id='line_1_27' title="bbox 472 3773 2102 3980; baseline 0.001 -33"><span class='ocrx_word' id='word_1_254' title='bbox 472 3859 647 3948; x_wconf 86' lang='lat' dir='ltr'><strong>stimonio</strong></span> <span class='ocrx_word' id='word_1_255' title='bbox 669 3857 871 3946; x_wconf 88' lang='lat' dir='ltr'><strong>literarum.</strong></span> <span class='ocrx_word' id='word_1_256' title='bbox 933 3859 1097 3972; x_wconf 75' lang='lat' dir='ltr'><strong>(Actum)</strong></span> <span class='ocrx_word' id='word_1_257' title='bbox 1126 3867 1256 3966; x_wconf 70' lang='lat' dir='ltr'><strong>Bran,</strong></span> <span class='ocrx_word' id='word_1_258' title='bbox 1287 3865 1379 3949; x_wconf 82' lang='lat' dir='ltr'><strong>feria</strong></span> <span class='ocrx_word' id='word_1_259' title='bbox 1410 3863 1525 3949; x_wconf 88' lang='lat' dir='ltr'><strong>tercia</strong></span> <span class='ocrx_word' id='word_1_260' title='bbox 1560 3867 1730 3980; x_wconf 89' lang='lat' dir='ltr'><strong>proxima</strong></span> <span class='ocrx_word' id='word_1_261' title='bbox 1761 3877 1848 3978; x_wconf 87' lang='lat' dir='ltr'><strong>post</strong></span> <span class='ocrx_word' id='word_1_262' title='bbox 1879 3773 2102 3950; x_wconf 72' lang='lat' dir='ltr'><strong>dorntntoan</strong></span> 
     </span>
     <span class='ocr_line' id='line_1_28' title="bbox 472 3967 2102 4102; baseline -0.001 -37"><span class='ocrx_word' id='word_1_263' title='bbox 472 3977 701 4084; x_wconf 88' lang='lat' dir='ltr'><strong>oculi,anno</strong></span> <span class='ocrx_word' id='word_1_264' title='bbox 723 3967 861 4095; x_wconf 86' lang='lat' dir='ltr'><strong>dominj</strong></span> <span class='ocrx_word' id='word_1_265' title='bbox 883 3975 941 4064; x_wconf 81' lang='grc' dir='ltr'><strong>Μ0</strong></span> <span class='ocrx_word' id='word_1_266' title='bbox 962 3977 1105 4067; x_wconf 77' lang='lat' dir='ltr'>CCC⁰¹⁰</span> <span class='ocrx_word' id='word_1_267' title='bbox 1127 3981 1440 4102; x_wconf 79' lang='lat' dir='ltr'><strong>quinquagesimo</strong></span> <span class='ocrx_word' id='word_1_268' title='bbox 1473 3983 1644 4097; x_wconf 87' lang='lat' dir='ltr'><strong>septimo.</strong></span> <span class='ocrx_word' id='word_1_269' title='bbox 1676 3977 1926 4071; x_wconf 89' lang='lat' dir='ltr'><strong>Presentibus</strong></span> <span class='ocrx_word' id='word_1_270' title='bbox 1952 3979 2025 4100; x_wconf 84' lang='lat' dir='ltr'><strong>hijs</strong></span> <span class='ocrx_word' id='word_1_271' title='bbox 2045 3991 2102 4064; x_wconf 90' lang='lat' dir='ltr'><strong>te-</strong></span> 
     </span>
     <span class='ocr_line' id='line_1_29' title="bbox 471 4093 2099 4216; baseline 0 -35"><span class='ocrx_word' id='word_1_272' title='bbox 471 4095 605 4182; x_wconf 89' lang='lat' dir='ltr'><strong>stihus:</strong></span> <span class='ocrx_word' id='word_1_273' title='bbox 638 4095 864 4216; x_wconf 80' lang='lat' dir='ltr'><strong>Daczbogio</strong></span> <span class='ocrx_word' id='word_1_274' title='bbox 893 4097 1054 4214; x_wconf 89' lang='lat' dir='ltr'><strong>palatino</strong></span> <span class='ocrx_word' id='word_1_275' title='bbox 1082 4097 1286 4210; x_wconf 86' lang='lat' dir='ltr'><strong>hlazo(uie)</strong></span> <span class='ocrx_word' id='word_1_276' title='bbox 1308 4167 1317 4187; x_wconf 92' lang='lat'><strong>.</strong></span> <span class='ocrx_word' id='word_1_277' title='bbox 1340 4165 1349 4184; x_wconf 93' lang='lat'><strong><em>.</em></strong></span> <span class='ocrx_word' id='word_1_278' title='bbox 1370 4165 1379 4184; x_wconf 88' lang='lat'><strong>.</strong></span> <span class='ocrx_word' id='word_1_279' title='bbox 1400 4095 1659 4202; x_wconf 90' lang='lat' dir='ltr'><strong>Lanoiciensi,</strong></span> <span class='ocrx_word' id='word_1_280' title='bbox 1691 4099 1807 4186; x_wconf 89' lang='lat' dir='ltr'><strong>Petro</strong></span> <span class='ocrx_word' id='word_1_281' title='bbox 1829 4093 2099 4211; x_wconf 76' lang='lat' dir='ltr'><strong>Dohrliuensi),</strong></span> 
     </span>
     <span class='ocr_line' id='line_1_30' title="bbox 351 4211 2099 4334; baseline 0.001 -35"><span class='ocrx_word' id='word_1_282' title='bbox 351 4215 353 4218; x_wconf 75' lang='grc'><strong>’</strong></span> <span class='ocrx_word' id='word_1_283' title='bbox 376 4231 380 4238; x_wconf 86' lang='grc'><strong>’</strong></span> <span class='ocrx_word' id='word_1_284' title='bbox 469 4211 665 4301; x_wconf 89' lang='lat' dir='ltr'><strong>Dobeslao</strong></span> <span class='ocrx_word' id='word_1_285' title='bbox 687 4216 961 4319; x_wconf 90' lang='lat' dir='ltr'><strong>crussuioiensi,</strong></span> <span class='ocrx_word' id='word_1_286' title='bbox 984 4216 1386 4322; x_wconf 77' lang='lat' dir='ltr'><strong>castellanis30iuissio</strong></span> <span class='ocrx_word' id='word_1_287' title='bbox 1409 4217 1633 4318; x_wconf 90' lang='lat' dir='ltr'><strong>lanciciensi,</strong></span> <span class='ocrx_word' id='word_1_288' title='bbox 1655 4213 1867 4303; x_wconf 90' lang='lat' dir='ltr'><strong>Predhorio</strong></span> <span class='ocrx_word' id='word_1_289' title='bbox 1892 4216 2099 4334; x_wconf 85' lang='lat' dir='ltr'><strong>cuyauien·</strong></span> 
     </span>
     <span class='ocr_line' id='line_1_31' title="bbox 471 4331 1835 4454; baseline 0.004 -38"><span class='ocrx_word' id='word_1_290' title='bbox 471 4331 514 4436; x_wconf 93' lang='lat' dir='ltr'><strong>si,</strong></span> <span class='ocrx_word' id='word_1_291' title='bbox 534 4334 761 4450; x_wconf 90' lang='lat' dir='ltr'><strong>capitaneis,</strong></span> <span class='ocrx_word' id='word_1_292' title='bbox 794 4363 878 4418; x_wconf 92' lang='lat' dir='ltr'><strong>oum</strong></span> <span class='ocrx_word' id='word_1_293' title='bbox 900 4398 909 4418; x_wconf 90' lang='lat'><strong>.</strong></span> <span class='ocrx_word' id='word_1_294' title='bbox 931 4399 940 4418; x_wconf 91' lang='lat'><strong>.</strong></span> <span class='ocrx_word' id='word_1_295' title='bbox 963 4397 972 4418; x_wconf 91' lang='lat'><strong><em>.</em></strong></span> <span class='ocrx_word' id='word_1_296' title='bbox 1004 4400 1014 4420; x_wconf 90' lang='lat'><strong>.</strong></span> <span class='ocrx_word' id='word_1_297' title='bbox 1037 4401 1045 4420; x_wconf 93' lang='lat'><strong>.</strong></span> <span class='ocrx_word' id='word_1_298' title='bbox 1069 4365 1138 4452; x_wconf 91' lang='lat' dir='ltr'><strong>per</strong></span> <span class='ocrx_word' id='word_1_299' title='bbox 1158 4333 1371 4432; x_wconf 73' lang='lat' dir='ltr'><strong>iohannem</strong></span> <span class='ocrx_word' id='word_1_300' title='bbox 1388 4333 1436 4421; x_wconf 87' lang='lat' dir='ltr'><strong>dc</strong></span> <span class='ocrx_word' id='word_1_301' title='bbox 1457 4400 1466 4420; x_wconf 90' lang='lat'><strong>.</strong></span> <span class='ocrx_word' id='word_1_302' title='bbox 1488 4401 1497 4421; x_wconf 89' lang='lat'><strong>.</strong></span> <span class='ocrx_word' id='word_1_303' title='bbox 1521 4401 1530 4420; x_wconf 92' lang='lat'><strong>.</strong></span> <span class='ocrx_word' id='word_1_304' title='bbox 1553 4402 1563 4420; x_wconf 91' lang='lat'><strong>.</strong></span> <span class='ocrx_word' id='word_1_305' title='bbox 1595 4334 1835 4454; x_wconf 82' lang='lat' dir='ltr'><strong>hingestatis.</strong></span> 
     </span>
    </p>
   </div>
   <div class='ocr_carea' id='block_1_3' title="bbox 471 4625 2102 4818">
    <p class='ocr_par' dir='ltr' id='par_1_3' title="bbox 471 4625 2102 4818">
     <span class='ocr_line' id='line_1_32' title="bbox 534 4625 2102 4744; baseline 0.002 -35"><span class='ocrx_word' id='word_1_306' title='bbox 534 4725 542 4742; x_wconf 36' lang='grc' dir='ltr'><strong>ο</strong></span> <span class='ocrx_word' id='word_1_307' title='bbox 572 4645 610 4728; x_wconf 70' lang='lat'><strong>(²)</strong></span> <span class='ocrx_word' id='word_1_308' title='bbox 640 4647 743 4710; x_wconf 87' lang='lat' dir='ltr'><strong>Potius</strong></span> <span class='ocrx_word' id='word_1_309' title='bbox 758 4647 868 4744; x_wconf 60' lang='lat' dir='ltr'><strong>Rauca</strong></span> <span class='ocrx_word' id='word_1_310' title='bbox 882 4648 1002 4727; x_wconf 86' lang='lat' dir='ltr'><strong>fluvius,</strong></span> <span class='ocrx_word' id='word_1_311' title='bbox 1026 4635 1139 4718; x_wconf 79' lang='lat' dir='ltr'><strong>frustra</strong></span> <span class='ocrx_word' id='word_1_312' title='bbox 1151 4631 1251 4716; x_wconf 84' lang='lat' dir='ltr'><strong>tamen</strong></span> <span class='ocrx_word' id='word_1_313' title='bbox 1266 4625 1467 4736; x_wconf 79' lang='lat' dir='ltr'><strong>quaesivimus</strong></span> <span class='ocrx_word' id='word_1_314' title='bbox 1483 4650 1582 4716; x_wconf 85' lang='lat' dir='ltr'><strong>uillam</strong></span> <span class='ocrx_word' id='word_1_315' title='bbox 1598 4650 1840 4733; x_wconf 76' lang='lat' dir='ltr'><strong>Zapninaouicza,</strong></span> <span class='ocrx_word' id='word_1_316' title='bbox 1862 4649 1932 4716; x_wconf 85' lang='lat' dir='ltr'><strong>huic</strong></span> <span class='ocrx_word' id='word_1_317' title='bbox 1950 4649 2043 4716; x_wconf 79' lang='lat' dir='ltr'><strong>burro</strong></span> <span class='ocrx_word' id='word_1_318' title='bbox 2057 4647 2102 4714; x_wconf 83' lang='lat' dir='ltr'><strong>tel</strong></span> 
     </span>
     <span class='ocr_line' id='line_1_33' title="bbox 471 4725 1445 4818; baseline 0.009 -24"><span class='ocrx_word' id='word_1_319' title='bbox 471 4725 583 4816; x_wconf 71' lang='lat' dir='ltr'><strong>oppido</strong></span> <span class='ocrx_word' id='word_1_320' title='bbox 600 4727 713 4795; x_wconf 78' lang='lat' dir='ltr'><strong>Sabota</strong></span> <span class='ocrx_word' id='word_1_321' title='bbox 727 4731 924 4818; x_wconf 79' lang='lat' dir='ltr'><strong>adponentem.</strong></span> <span class='ocrx_word' id='word_1_322' title='bbox 1442 4765 1445 4774; x_wconf 67' lang='lat'><strong><em>¹</em></strong></span> 
     </span>
    </p>
   </div>
   <div class='ocr_carea' id='block_1_4' title="bbox 0 0 2444 5941">
    <p class='ocr_par' dir='ltr' id='par_1_4' title="bbox 0 0 2444 5941">
     <span class='ocr_line' id='line_1_34' title="bbox 0 0 2444 5941; baseline 0 0"><span class='ocrx_word' id='word_1_323' title='bbox 0 0 2444 5941; x_wconf 95' lang='lat' dir='ltr'><strong> </strong></span> 
     </span>
    </p>
   </div>
  </div>
 </body>
</html>
