4876 5940
1060 693 1204 804 ”-
1258 693 1530 842 uuo-s

491 953 593 1045 ducit
612 971 649 1042 et
667 949 870 1042 concordie
889 952 1073 1041 unionem.
1094 950 1185 1042 Inde
1204 969 1272 1059 est,
1294 951 1487 1074 quodno's
1506 949 1680 1057 Methias,
1696 948 1820 1039 diuina
1837 965 1875 1038 et
1892 951 2100 1070 apostolice

491 1075 594 1164 sedis
626 1070 884 1191 prouidencia,
910 1071 1069 1171 ecclesie
1091 1071 1399 1173 wladislauien'sis
1434 1072 1562 1191 episco
1592 1101 1655 1174 us,
1676 1083 1714 1159 et
1733 1100 1804 1159 uos
1824 1071 1938 1158 irater
1955 1067 2099 1160 ,Wern

490 1195 603 1283 b'crus
624 1191 672 1280 de
696 1197 839 1294 Orseto,
859 1193 1009 1278 fratrum
1031 1191 1171 1289 ordinis
1191 1191 1384 1311 hospitalis
1419 1203 1551 1278 sancte
1614 1190 1691 1279 urie
1707 1188 1841 1278 domus
1857 1188 2101 1306 Tbewtoniuc

488 1312 776 1402 ierosolimitani
795 1309 984 1430 generatis
1005 1311 1201 1430 magister,
1241 1323 1367 1422 uotum
1388 1309 1544 1402 iacimus
1565 1309 1759 1410 uniuersis,
1776 1324 1850 1396 tam
1865 1307 2102 1426 presentibus

491 1461 602 1554 quam
623 1431 752 1518 tuturis
772 1429 1004 1548 presencium
1014 1431 1185 1518 noticiam
1200 1429 1389 1518 habituris:
1411 1427 1538 1544 Quod,
1549 1427 1635 1514 dum
1656 1428 1751 1516 inter
1766 1457 1837 1516 nus
1858 1427 2102 1516 dissensionis

491 1549 701 1668 scrupulus,
717 1549 1011 1665 soturezyzanie
1031 1549 1248 1664 seminante,
1269 1562 1422 1636 exortus
1442 1549 1582 1654 suisset,
1603 1562 1640 1634 et
1659 1545 1882 1667 aliquamdiu
1901 1543 2101 1664 perduras·
2169 1637 2174 1648 ,

491 1683 551 1760 set
579 1699 693 1787 super
722 1665 880 1756 diuersis
907 1662 1146 1756 anfractibus
1171 1669 1257 1756 hinc
1285 1683 1322 1756 et
1345 1667 1436 1760 inde
1456 1735 1465 1754 .
1488 1733 1497 1754 .
1519 1665 1614 1778 (ste),
1629 1663 1728 1766 ‚Nos
1758 1664 1924 1769 taudem,
1944 1678 2101 1754 auctore

491 1787 655 1892 domino,
677 1816 760 1872 eum
781 1787 1000 1906 extinguere
1019 1788 1224 1904 cupientes,
1240 1815 1356 1905 super
1374 1786 1464 1906 ipsis
1486 1779 1737 1890 amirantibus,
1753 1783 1802 1871 do
1817 1784 2100 1872 consensu'iru·

486 1921 588 1995 trum
609 1920 836 2008 nostrorum,
864 1918 997 1993 nostro
1022 1921 1059 1994 et
1080 1934 1344 1993 successomm
1365 1917 1577 1994 nostrorum
1598 1903 1764 2008 nomine,
1793 1901 2101 1992 concordandum

492 2023 663 2112 duximus
698 2025 799 2110 iuxta
819 2026 974 2110 turmam
995 2038 1032 2112 et
1051 2008 1372 2112 modum'interius
1411 2036 1612 2113 annotatos
1633 2023 1726 2136 (sic).
1769 2022 1898 2111 Primo
1920 2020 2103 2142 siquidem

490 2144 731 2264 promisimus
753 2157 878 2231 mutuo
899 2170 1030 2262 puram
1052 2157 1090 2230 et
1110 2144 1294 2230 sinceram
1313 2143 1508 2232 amicitiam
1530 2173 1577 2229 ac
1597 2141 1815 2252 fidelitatem
1828 2141 1923 2228 inter
1941 2169 2014 2228 nus
2033 2137 2103 2228 ad·

493 2264 649 2350 inuicem
671 2263 861 2379 perpetuis
882 2261 1109 2378 temporibus
1129 2260 1287 2352 fideliter
1306 2274 1342 2350 et
1362 2259 1618 2350 inuiolabiliter
1634 2261 1852 2364 obseruare,
1872 2275 2010 2348 etcum
2025 2259 2104 2349 sot-

493 2379 599 2468 iioitis
620 2379 750 2497 studijs
780 2380 947 2474 enutrire.
979 2377 1030 2467 Ut
1047 2378 1171 2468 autem
1193 2381 1325 2468 eadem
1346 2381 1440 2469 iuter
1459 2409 1529 2467 nos
1549 2379 1690 2468 tirmius
1710 2377 1950 2481 roborentur,
1972 2407 2104 2469 omues

483 2513 533 2586 -et
551 2498 720 2619 singutas
741 2497 890 2586 iniurius
916 2513 950 2586 et
973 2497 1136 2618 dampna
1156 2530 1203 2587 ex
1224 2515 1379 2619 utraque
1400 2493 1525 2619 parte,
1552 2499 1670 2586 verbo
1691 2497 1750 2584 uel
1771 2498 1870 2587 iactu
1893 2495 2103 2618 quomodo·

493 2617 584 2706 libet
601 2620 780 2736 irrogata,
800 2617 908 2704 nobis
929 2619 1084 2705 inuicem
1106 2647 1198 2736 pure
1218 2633 1256 2708 et
1276 2618 1434 2708 tutoiiter
1449 2616 1660 2706 dimittimus
1681 2617 1857 2704 eteniam
1877 2615 2102 2722 relaxamus,

492 2738 554 2841 ita,
576 2735 678 2856 quod
700 2737 820 2824 neutri
840 2749 1006 2824 nostrum
1037 2766 1107 2854 pro
1135 2738 1190 2826 eis
1216 2737 1324 2825 cocio
1354 2752 1530 2856 conpetat
1555 2737 1591 2824 iu
1617 2739 1786 2824 futurum.
1836 2732 1919 2824 Nos
1938 2734 2102 2850 insuper,

492 2857 695 2978 episcopus
723 2854 925 2973 predictus,
945 2857 1189 2974 promittimus
1218 2857 1317 2946 bonu
1342 2856 1421 2946 sude
1441 2857 1606 2946 tacturos
1627 2867 1666 2942 et
1684 2857 1901 2960 curaturos,
1930 2851 2032 2973 quod
2054 2851 2105 2943 de

493 2989 621 3064 castro
641 2990 771 3064 nostru
792 2980 1003 3078 Itcdczene,
1023 3005 1093 3094 per
1109 2997 1183 3066 nos
1204 2990 1241 3064 et
1261 2965 1416 3084 nostros
1435 2990 1473 3064 et
1493 2971 1678 3095 quoslibet
1705 2971 1801 3062 alios
1821 2971 1919 3062 nullu
1940 2972 2106 3092 dampna
2176 3012 2178 3019 ¹

494 3093 693 3214 maguum,
724 3093 917 3200 iratribus,
947 3095 1056 3182 terris
1076 3109 1114 3183 et
1132 3093 1340 3182 hominibus
1360 3097 1526 3213 ipsorum
1547 3093 1728 3212 deinceps
1748 3089 1912 3181 debeant
1930 3091 2103 3213 irrogari:

494 3227 652 3332 exceptu
669 3213 878 3316 dumtaxat,
900 3213 931 3300 si
951 3212 1125 3301 dominus
1145 3212 1232 3302 Rex
1251 3213 1411 3304 Polonie
1432 3225 1595 3313 castrum
1617 3213 1757 3331 ipsum,
1778 3210 1838 3298 vel
1857 3211 1991 3332 atiquis
2010 3209 2106 3300 aiter

494 3361 563 3421 suo
583 3331 757 3449 potencia
784 3331 843 3419 vei
863 3331 994 3420 fraude
1023 3348 1283 3453 expungnarct
1312 3333 1395 3446 (sic)
1424 3333 1484 3422 vel
1505 3345 1725 3450 occuparet,
1754 3329 1864 3420 nubis
1883 3330 2025 3438 inuitis;
2055 3361 2109 3419 ex-

485 3479 652 3572 ·quurum
673 3451 771 3538 iacto
792 3449 963 3539 nolumus
984 3451 1154 3570 obligari.
1178 3451 1273 3540 ¹Hoc
1292 3466 1433 3555 tamen,
1453 3452 1489 3540 in
1511 3458 1687 3571 quantum
1709 3449 1931 3569 poterimus,
1951 3449 2104 3538 cauebi·

493 3593 579 3656 mus
609 3567 814 3657 bonafide.
854 3569 1035 3658 Preterea
1063 3598 1178 3690 super
1207 3569 1397 3660 soluendis
1427 3569 1580 3660 decimis
1605 3571 1728 3658 tocius
1757 3584 1856 3657 terre
1872 3568 2106 3658 -Pomoranie

495 3695 643 3792 nostre,
663 3687 818 3806 predicti
838 3691 1007 3807 magistri
1028 3704 1065 3776 et
1083 3691 1234 3778 [rutrum
1256 3689 1391 3778 dicioni
1412 3690 1595 3794 subieote,
1616 3719 1685 3806 per
1705 3687 1896 3805 dyocesim
1916 3685 2108 3776 wladisla-

495 3807 660 3895 uicusem
681 3808 776 3894 inter
795 3834 867 3896 nos
883 3809 997 3896 extitit
1017 3809 1137 3896 taliter
1156 3809 1385 3897 ordinatum:
1406 3807 1522 3923 Quod
1543 3837 1709 3896 exnunc
1729 3805 1778 3895 de
1792 3806 1957 3926 quolibet
1970 3835 2106 3896 muoso

494 3926 675 4044 flamingo
695 3927 887 4016 locatoct
906 3927 1057 4016 exculto
1081 3929 1240 4018 omnium
1280 3957 1546 4046 personarum,
1577 3925 1780 4015 incolarum
1808 3938 1883 4014 tum
1908 3925 2105 4046 religiosa-

496 4077 577 4136 rum
589 4046 682 4160 (sic),
693 4075 803 4168 quarn
814 4045 1036 4149 secularium
1047 4045 1210 4134 debeant
1220 4047 1313 4136 sciui
1323 4047 1502 4135 tressooti
1522 4043 1721 4133 euboensis
1742 4060 1890 4134 monete
1909 4075 1979 4164 pro
1998 4042 2105 4132 deci-
2203 4147 2207 4162 ,

279 4231 284 4242 .
354 4237 362 4273 2,
413 4241 423 4254 .
495 4195 558 4254 ma
589 4165 739 4255 domiuo
769 4165 951 4283 episcopo
980 4164 1150 4284 predicto
1171 4179 1209 4254 et
1228 4165 1516 4254 successoribus
1543 4163 1640 4268 soie,
1667 4163 1824 4286 singulis
1850 4165 1959 4252 annis
1986 4163 2022 4251 in
2042 4159 2133 4254 die-

355 4280 366 4330 ·''
460 4313 462 4321 ·
495 4282 663 4390 Martini,
683 4315 753 4404 per
771 4283 930 4374 colonos
949 4284 1115 4402 ipsorum
1136 4314 1362 4392 mansurum,
1378 4285 1459 4374 siue
1470 4281 1620 4386 milites,
1635 4283 1716 4372 siue
1728 4283 1998 4403 cuiuscumque
2010 4311 2106 4372 ccu-

396 4467 404 4500 ,
490 4402 653 4492 dicionis
674 4406 851 4491 existant:
873 4404 1045 4524 exceptis
1066 4403 1261 4496 dumtaxat
1276 4403 1517 4524 priuilegiatis
1537 4401 1741 4522 priuilegijs
1762 4401 1866 4490 sedis
1886 4399 2107 4520 apostolice,

395 4528 405 4554 '
497 4534 562 4610 aut
581 4523 709 4610 litteris
719 4523 994 4642 episcoporum,
1014 4537 1298 4612 antecessorum
1320 4539 1544 4628 nostrorum,
1565 4521 1733 4639 episcopi
1753 4519 1919 4638 predicti
1940 4521 2003 4640 qui
2021 4521 2106 4616 siue

486 4639 763 4762 religiosisiue
778 4639 971 4730 seculares
991 4642 1124 4730 fuerint
1136 4641 1526 4748 ¹sacerdotes,nomine
1540 4639 1949 4754 suerumoqdesiarum
1965 4639 2106 4736 dictum

497 4787 656 4848 censum
675 4761 890 4880 percipiunt,
910 4777 1019 4882 prout
1039 4760 1093 4848 eis
1115 4763 1165 4882 [es
1181 4760 1386 4881 priuilegijs
1403 4760 1496 4879 ipsis
1517 4740 1792 4881 cbnpetet,¹tiel
1808 4787 1923 4880 super
1941 4757 2016 4850 buo
2035 4755 2105 4850 du·

452 4957 456 4968 .
499 4880 544 4971 tis
565 4880 826 4968 instrumentis.
859 4867 917 4966 De
947 4880 1054 4968 terris
1068 4893 1193 4986 autem
1212 4879 1383 4970 iucundis
1403 4879 1720 5000 pustocupietum
1738 4877 1964 4970 libertatem:
1988 4906 2105 5002 quum
