4926 5940
1123 671 1168 686 ·-
1223 633 1298 706 too
1353 565 1476 686 -

375 905 381 913 .
437 833 494 926 'de
515 841 705 942 Polmor,
725 863 775 922 ac
793 831 992 924 loumoes
1011 829 1166 922 dodree
1186 830 1236 920 de
1259 834 1455 936 &Iduum
1474 828 1563 920 dicti
1582 830 1950 950 pallacijilpostolici
1970 830 2078 924 audi·

443 967 564 1059 tores,
585 984 655 1074 per
675 966 754 1042 tres
773 952 989 1041 sentencias
1010 950 1225 1039 conformes
1245 949 1598 1068 pronunciaverunt,
1617 949 1756 1066 dimam
1777 965 1992 1068 pretensam
2013 983 2079 1070 ap·

441 1071 699 1190 pellacionem,
720 1100 745 1158 a
764 1071 909 1189 prelata
927 1069 1121 1156 sentencia
1143 1066 1283 1156 domini
1302 1067 1486 1156 iohannis
1506 1065 1688 1158 dalletto
1705 1069 1973 1187 interpositam,
1988 1069 2081 1159 lois-

442 1221 487 1280 so
518 1205 557 1279 et
582 1219 671 1278 esse
691 1187 901 1292 desertam,
931 1200 969 1275 et
997 1187 1228 1274 sentenciam
1254 1183 1484 1277 diffinitivam
1509 1185 1820 1276 adiudicatoriam
1857 1187 2080 1292 huiusmodi,

351 1339 353 1342 ·
443 1335 514 1428 pro
535 1309 619 1426 ipsa
637 1305 815 1396 Ecclesia
833 1307 967 1411 lotam,
998 1306 1035 1392 in
1054 1333 1135 1392 rem
1156 1304 1377 1392 transivisse
1407 1303 1626 1396 inormem,
1657 1305 1840 1422 prelatum
1869 1303 2021 1419 opidum
2042 1307 2077 1396 io

443 1427 633 1544 expensis,
646 1423 785 1514 ‘coram
805 1454 848 1512 se
868 1424 989 1530 lactis,
1011 1419 1341 1540 condempnando.
1384 1420 1691 1522 Verumdictu'm
1722 1422 1875 1540 opidum
1894 1425 1932 1510 in
1951 1425 2077 1514 consi·

443 1544 562 1634 sturio
582 1543 735 1661 publico
756 1543 915 1660 proponi
937 1541 1039 1646 lecit,
1055 1554 1095 1628 ut
1115 1539 1258 1642 dicitur,
1272 1539 1450 1658 petendo,
1467 1555 1515 1640 ut,
1536 1541 1685 1630 reiectis
1706 1539 1930 1630 desercione
1951 1539 2079 1634 huius·

442 1659 545 1752 modi
571 1675 610 1750 et
629 1659 716 1750 inde
736 1660 892 1765 secutis,
924 1657 1142 1776 domptaxat
1162 1658 1197 1746 in
1219 1659 1383 1777 negocio
1403 1659 1597 1778 principali
1616 1655 1890 1775 procederetur
1910 1658 2078 1773 perinde,

317 1884 321 1892 1
442 1811 492 1869 ac
511 1781 543 1868 si
565 1807 687 1868 causa
707 1779 744 1865 in
765 1779 885 1896 primo
906 1776 1007 1865 latali
1029 1777 1143 1864 loret:
1174 1789 1211 1864 et
1243 1775 1319 1863 hoc
1346 1776 1532 1896 pretendit
1561 1777 1699 1866 dietum
1724 1776 1875 1894 opidum
1901 1777 2078 1894 petivisse
2187 1847 2189 1859 .

442 1912 531 1986 ante
558 1895 672 1984 latam
699 1894 837 1984 dictam
868 1896 1021 1984 terciam
1054 1895 1285 1984 sentenciam
1316 1923 1432 2014 super
1461 1893 1686 1985 desercione
1706 1895 1937 2000 huiusmodi,
1968 1909 2007 1982 et
2025 1894 2076 1984 ad

443 2013 543 2103 illam
571 2015 794 2132 peticionem
824 2012 913 2101 dicit
941 2015 1057 2100 luisse
1086 2041 1332 2130 responsum:
1369 2025 1519 2102 constat
1545 2012 1594 2100 de
1623 2016 1738 2100 tercia
1768 2013 1962 2101 sentencia
1989 2013 2075 2102 lata.

445 2131 620 2251 Postque
640 2133 823 2250 prelatum
846 2129 998 2249 opidum
1021 2133 1214 2248 exposuit,
1246 2129 1437 2246 quomodo
1459 2129 1558 2224 dicta
1579 2160 1649 2218 soa
1670 2132 1885 2219 commissio
1906 2131 1988 2221 sive
2008 2163 2076 2248 pe-

443 2249 530 2338 ticio
551 2251 745 2368 proposita
772 2247 904 2336 luisset
933 2250 968 2336 io
996 2249 1232 2349 consistorio,
1262 2263 1463 2366 antequam
1492 2248 1592 2336 dicta
1614 2251 1729 2336 tercia
1750 2250 1943 2337 sentencia
1963 2279 2078 2366 super

441 2366 669 2456 desercione
697 2359 772 2452 lata
805 2365 956 2469 luisset,
987 2376 1025 2448 et
1052 2364 1155 2481 quod
1182 2375 1270 2480 post
1299 2364 1373 2450 hoo
1414 2363 1737 2453 Reverendissimi
1767 2381 1896 2481 patres
1938 2363 2077 2456 domini

444 2482 678 2588 Cardinales,
699 2497 787 2570 tunc
810 2493 978 2570 tenentes
1000 2481 1277 2584 consistorium,
1298 2479 1435 2568 dictam
1455 2483 1743 2600 responsionem
1764 2483 1961 2570 iecissent:
1985 2511 2077 2572 con·

442 2616 519 2693 stat
539 2599 587 2692 de
609 2600 822 2692 tercia-lata
852 2598 1055 2688 sentencia.
1117 2597 1311 2718 Quodque
1342 2615 1567 2716 procurator
1595 2596 1683 2686 dicti
1712 2597 1813 2714 opidi
1842 2598 2077 2688 Reverendo

441 2721 538 2840 patrj
560 2718 714 2808 domino
734 2718 899 2806 dohanni
916 2716 1070 2806 andree
1086 2730 1254 2834 tempore
1269 2715 1480 2804 huiusmodi
1495 2715 1569 2806 late
1584 2717 1775 2806 sentencie
1791 2714 1959 2823 dixisset,
1975 2745 2077 2804 com-

442 2839 658 2928 missionem
684 2839 723 2926 in
752 2836 963 2925 huiusmodi
991 2865 1111 2924 causa
1142 2835 1396 2954 propositam,
1436 2833 1602 2952 petendo
1637 2831 1901 2924 aSanctitate
1929 2848 2077 2939 vestra,

441 2955 544 3072 qood
574 2958 607 3044 si
636 2947 848 3046 huiusmodi
877 2955 979 3072 prior
1000 2954 1215 3042 commissio
1237 2952 1480 3040 antedictam
1510 2953 1664 3041 terciam
1692 2954 1924 3042 sentenciam
1960 2981 2077 3070 super

442 3072 505 3186 (de
546 3075 674 3193 super)
716 3073 799 3186 (sie)
829 3072 1052 3161 desercione
1080 3072 1302 3166 'ottransitu
1331 3071 1368 3158 io
1408 3089 1504 3158 rem
1525 3069 1724 3160 iudicatam
1761 3071 1956 3189 proposita
1984 3085 2076 3171 erat,

441 3191 517 3280 lata
537 3193 686 3298 luisset,
708 3207 745 3280 et
766 3190 869 3312 quod
891 3207 979 3280 tunc
1000 3189 1036 3277 io
1054 3191 1216 3310 negocio
1230 3189 1426 3309 principali
1447 3186 1620 3276 dominus
1641 3189 1897 3292 Genumaoos‚
1913 3185 2075 3295 auditor,

439 3309 551 3398 dictis
572 3311 689 3398 tribus
710 3311 913 3426 sentenciis
934 3338 1051 3426 super
1071 3307 1295 3396 desercione
1312 3322 1351 3395 et
1371 3307 1534 3398 transitu
1547 3307 1583 3393 in
1599 3337 1679 3394 rem
1695 3305 1906 3412 iudicatam,
1928 3322 1966 3396 ut
1987 3335 2074 3424 pre·

441 3429 605 3534 mittitur,
625 3428 725 3534 latis,
756 3441 793 3516 et
813 3425 1037 3516 desercione
1056 3423 1269 3529 huiusmodi
1290 3455 1365 3514 non
1388 3425 1582 3529 obstante,
1613 3426 1776 3542 ut‘prius
1795 3426 1949 3542 petitum
1979 3437 2072 3528 erat,

441 3545 686 3681 procederet:
720 3571 793 3658 que
814 3545 1031 3634 commissio
1053 3547 1109 3634 sic
1134 3545 1284 3663 signata
1305 3556 1365 3631 est
1384 3541 1433 3630 de
1454 3539 1635 3632 mandato
1656 3544 1775 3632 nostri
1805 3541 1924 3660 Pape:
1946 3538 2074 3630 audiat
2193 3561 2197 3573 '

440 3661 538 3750 idem
559 3665 717 3768 auditor,
732 3662 916 3780 procedat
931 3664 967 3750 in
982 3663 1183 3782 principali,
1200 3675 1239 3753 ut
1256 3662 1401 3780 petitur,
1417 3659 1548 3748 solutis
1564 3662 1743 3780 expensis
1760 3660 1921 3748 duarum
1937 3660 2076 3748 instan-

441 3781 600 3870 ciarum:
621 3811 738 3900 super
758 3781 981 3870 desercione
994 3781 1117 3870 tercia
1138 3782 1213 3870 lata
1233 3779 1426 3868 sentencia
1448 3796 1485 3868 et
1504 3777 1586 3895 alijs
1608 3780 1802 3898 premissis
1823 3809 1898 3866 oon
1919 3777 2074 3864 obstan·

440 3899 558 3987 tibus:
580 3915 617 3988 at
637 3899 818 3988 iusticiam
840 3901 964 3988 iaciat.
996 3898 1208 3988 Advertere
1229 3898 1377 4014 placeat
1399 3897 1585 3985 sanctitati
1606 3914 1751 4001 vestre,
1782 3925 1893 4012 quam
1915 3894 2074 3982 enormi·

442 4029 498 4104 ter
518 4016 591 4100 ledi
612 4018 758 4108 videtur
779 4018 881 4104 dicta
903 4019 1066 4106 ecclesia
1089 4015 1419 4102 Wladislaviensis
1459 4043 1528 4126 per
1560 4012 1698 4101 dietam
1723 4028 1937 4129 pretensam
1968 4040 2073 4101 com·

439 4133 668 4220 missionem.
699 4132 839 4237 Primo,
862 4136 949 4250 quia
966 4132 1066 4218 dicta
1078 4133 1123 4216 lis
1140 4133 1288 4218 duravit
1309 4127 1509 4218 duodecim
1531 4130 1638 4218 annis
1654 4145 1691 4218 et
1707 4130 1813 4234 ultra,
1824 4159 1897 4247 que
1913 4159 1982 4247 per
1997 4129 2073 4216 dic

390 4285 399 4294 ·
441 4263 500 4340 tas
528 4251 759 4338 sentencias·
775 4279 860 4336 cum
891 4249 1040 4369 magnis
1061 4247 1254 4335 laboribus
1283 4261 1320 4336 et
1341 4249 1519 4363 expensis
1539 4245 1639 4336 dicte
1660 4248 1823 4336 ecclesie
1845 4251 1968 4365 sopita
1997 4247 2072 4351 luit,

441 4385 480 4458 et
499 4367 679 4458 sanctitas
710 4379 860 4472 vestra,
890 4365 1079 4486 adquam
1109 4365 1191 4454 lites
1221 4366 1396 4453 dirimere
1425 4380 1462 4454 et
1492 4366 1546 4452 eis
1565 4365 1678 4454 finem
1700 4367 1892 4484 imponere
1913 4377 2072 4481 spectat,

442 4486 651 4605 predictam
674 4486 771 4572 litem
788 4487 845 4576 sic
858 4485 1060 4604 antiquam,
1082 4485 1255 4604 sopitam,
1278 4500 1316 4572 ot
1337 4485 1566 4601 premittitur,
1586 4483 2016 4600 resuscitarj'maodavit
2035 4485 2071 4570 in

440 4604 786 4740 gravedampnum
808 4603 907 4692 dicte
929 4603 1099 4692 ecclesie.
1143 4601 1336 4710 Secundo,
1358 4602 1444 4690 licet
1463 4603 1586 4714 aliqua
1608 4604 1823 4690 commissio
1839 4615 2073 4720 proponatur

440 4754 477 4814 ιιι
497 4723 735 4830 consistorio,
756 4753 831 4812 ooo
852 4735 1053 4842 propterea
1074 4753 1144 4839 per
1163 4723 1324 4841 aliquam
1341 4719 1511 4842 regulam
1528 4751 1596 4810 seo
1613 4720 1829 4810 mandatum
1850 4720 1966 4840 ligate
1986 4732 2072 4812 sont
2166 4795 2172 4801 .

1867 4869 1913 4926 ,p
