4876 5940
1040 771 1315 846 -l'tb-

1040 1059 1299 1204 'orcum

513 1293 852 1459 macerae,
880 1375 1040 1442 anno
1065 1353 1217 1440 naor
1244 1353 1339 1440 neo
1364 1356 1440 1443 ro
1465 1356 1668 1444 mona·
1693 1361 1849 1467 orme.
1939 1362 1948 1374 ·

427 1561 739 1640 wladislau
753 1559 934 1650 bobum)
947 1561 1041 1634 mres
1054 1558 1153 1650 tent
1166 1559 1329 1649 retento,
1351 1557 1484 1634 tortitia
1497 1560 1624 1636 conith
1637 1561 1790 1636 sumtu
1804 1563 1937 1654 ,debut

427 1661 622 1760 wartonus
642 1665 909 1752 numeratum,
928 1659 1031 1736 otton
1044 1659 1140 1736 nuo
1153 1662 1365 1740 Bomamo,
1390 1662 1518 1754 ezotpin
1532 1666 1566 1738 ot
1578 1665 1756 1736 Notowoo
1770 1665 1869 1742 tonat
1883 1669 1935 1753 (η

462 1887 506 1978 ln
526 1887 675 1977 nomine
696 1885 856 1993 domini,
886 1917 1008 1976 amen.
1061 1887 1252 2003 Quoniam
1283 1917 1351 1994 ea,
1382 1917 1456 2007 que
1477 1889 1692 2010 frequenter
1720 1888 1884 2011 legitime
1912 1904 1999 1978 acta

362 2021 468 2114 sunt,
509 2007 743 2126 longinquitu
773 2007 867 2120 (sic)
903 2009 1088 2124 temporis·
1103 2008 1406 2112 interueniente„
1447 2039 1520 2128 que
1551 2022 1672 2096 mater
1701 2023 1760 2096 est
1791 2009 2000 2117 obliuionis,

362 2157 386 2229 a
406 2124 529 2214 multis
549 2123 770 2215 multociens
791 2127 828 2213 iu
849 2124 1001 2214 dubium
1022 2143 1262 2231 reuocentur,
1291 2123 1375 2214 Nos
1396 2127 1509 2246 igitur
1529 2125 1764 2216 Wiadislaus
1786 2125 1847 2215 dei
1867 2129 2001 2263 gracia

363 2243 439 2331 dux
470 2244 676 2350 Cracouie,
708 2244 965 2352 Sandomirie,
997 2243 1179 2362 Syradie,
1209 2242 1419 2362 Lancycie‚
1453 2245 1643 2362 Cuyauie,
1673 2243 1923 2351 Pomorum,
1952 2276 2001 2335 ac

364 2364 476 2452 heres
495 2361 624 2483 Regni
640 2362 811 2469 Polonie,
831 2379 960 2450 notum
980 2364 1139 2450 iacimus
1160 2365 1343 2450 vniuersis
1360 2377 1435 2450 tarn
1455 2365 1704 2480 presentibus,
1726 2394 1838 2484 quam
1858 2366 2000 2472 futuris,

362 2497 576 2600 presentem
604 2483 783 2600 paginam
810 2481 1050 2596 inspecturis:
1087 2479 1205 2594 Quod
1235 2479 1495 2567 desiderantes
1529 2483 1753 2600 premiorum
1783 2513 2000 2572 remunera·

363 2601 472 2690 cione
502 2598 626 2688 bonos
655 2599 806 2686 efficere
835 2597 1031 2700 meliores,
1060 2627 1107 2684 ao
1155 2597 1324 2716 rincipali
1343 2599 1600 2685 munificencia
1627 2601 1806 2690 virtuosis
1827 2603 1999 2688 virtutem

362 2715 542 2808 addicere
559 2717 653 2830 (sich
673 2717 852 2834 inspectis
873 2717 999 2920 harpe
1017 2629 1190 2804 fidelibus
1212 2731 1248 2804 et
1264 2715 1411 2810 utilibus
1433 2715 1614 2832 semicijs,
1636 2747 1710 2834 que
1729 2716 1850 2805 hdebs
1871 2731 2002 2806 noster

344 2837 481 2942 miles,
503 2864 634 2925 comes
655 2835 938 2954 Stanislauspa
952 2832 1073 2922 atinus
1094 2833 1337 2954 cugauiensis
1357 2833 1456 2944 (sic),
1483 2833 1593 2922 nobis
1612 2864 1637 2921 a
1658 2836 1780 2923 multis
1800 2838 2002 2924 retroactis
2066 2872 2081 2908 .-
2144 2821 2154 2890 i

365 2953 596 3076 temporibus
627 2953 786 3042 fideliter
814 2953 995 3041 exhibuit:
1030 2952 1204 3042 videlicet
1231 2951 1440 3074 pugnando
1473 2969 1606 3040 contra
1637 2951 1806 3042 inimicos
1837 2969 2001 3060 nostros,

363 3104 428 3164 res
456 3103 547 3162 suas
575 3087 612 3162 et
630 3073 743 3160 vitam
764 3072 993 3190 exponendo
1020 3100 1090 3192 pro
1117 3071 1263 3162 bonore
1283 3086 1432 3178 nostro,
1464 3071 1696 3192 temporibus
1717 3073 1857 3161 nostris
1878 3074 1994 3164 malis:

365 3221 434 3312 pro
465 3207 615 3312 tamque
644 3191 869 3280 fidelissimis
895 3191 1066 3308 seruicijs
1093 3191 1382 3280 euidentissimis
1410 3190 1520 3279 nobis
1551 3190 1742 3295 exhibitiS,
1772 3190 2001 3282 hereditates

365 3325 535 3414 nostras,
567 3308 689 3398 dictas
717 3315 955 3414 Bozuoomo,
986 3313 1180 3424 'Czolpyoo
1211 3323 1249 3398 et
1277 3315 1516 3411 Nakooowo,
1550 3311 1642 3398 sitas
1672 3310 1708 3396 in
1740 3325 1838 3398 terra
1870 3324 2001 3400 nostra

366 3429 421 3518 Cu
449 3427 593 3517 aniensi
615 3423 680 3542 (²),
712 3425 846 3516 damus
866 3427 1048 3518 tradimus
1074 3441 1112 3516 et
1131 3429 1378 3534 conserimus,
1408 3429 1479 3518 sibi
1500 3429 1656 3548 suisque
1675 3430 1777 3518 veris
1797 3427 2001 3520 heredibus

366 3563 403 3638 et
421 3459 596 3664 iegitimis
626 3547 915 3636 successoribus
946 3549 1025 3636 iure
1055 3545 1282 3638 hereditario
1313 3549 1348 3636 in
1369 3563 1589 3666 perpetuum
1610 3545 1885 3666 possidendae,
1916 3579 2000 3636 cum

366 3659 538 3754 omnibus
559 3665 790 3770 utilitatibus²
818 3665 1060 3784 prouentibus
1081 3677 1119 3752 et
1138 3665 1389 3781 libertatibus,¹
1416 3665 1732 3786 quemadmodum
1754 3697 1824 3754 nos
1846 3665 2001 3754 easdem
2067 3735 2074 3785 ἶ

365 3783 551 3876 tenuimus
571 3797 609 3872 et
628 3783 887 3903 possedimus3
918 3781 1053 3872 dantes
1073 3783 1243 3904 predicto
1267 3783 1457 3872 Stanistao
1478 3785 1643 3903 prefatos
1664 3783 1892 3872 hereditates
1912 3784 2001 3872 libe·

365 3933 447 3992 rum
467 3901 657 3992 arbitrium
679 3901 885 4008 vendendi,
913 3901 1098 4010 donandi,
1127 3917 1165 3989 et
1185 3934 1425 4024 quocumque
1445 3901 1560 3991 modo
1581 3903 1779 4003 alienandi,
1800 3917 1911 4019 prout
1931 3901 2001 3990 sibi

367 4035 405 4108 et
424 4021 504 4112 suis
524 4021 814 4110 successoribus
834 4023 1125 4110 conueniencius
1146 4037 1184 4109 et
1204 4021 1325 4110 utilius
1346 4019 1531 4113 videbitur
1550 4021 1740 4139 expedire.
1778 4017 2001 4109 Liberamus

366 4153 491 4228 nutem
507 4137 651 4226 incolas
666 4138 917 4255 predictarum
933 4137 1190 4246 hereditatum,
1209 4139 1258 4228 ab
1275 4139 1447 4228 omnibus
1462 4137 1728 4242 solucionibus,
1749 4135 2001 4243 seruitutibue,

366 4255 667 4380 grauaminibus,
688 4257 857 4344 collectis
878 4259 1082 4361 uniuersis,
1105 4272 1238 4348 nostro
1259 4256 1423 4346 dominio
1445 4256 1728 4372 pertinentibus,
1761 4283 2001 4376 quocumque

366 4377 516 4468 nomine
536 4389 772 4483 censeantur;
792 4403 865 4462 nec
884 4372 935 4462 ad
955 4373 1112 4464 alicuius
1131 4373 1364 4464 audienciam
1386 4374 1530 4481 iudicis,
1551 4375 1820 4494 cuiuscumque
1840 4373 2000 4495 dignita·

467 4660 508 4746 (¹)
535 4659 584 4728 ih
599 4659 701 4727 nrobet
773 4641 1014 4738 membranaceo,
1033 4658 1115 4748 quod
1129 4659 1161 4726 in
1174 4657 1323 4726 tabulario
1336 4659 1458 4746 capituti
1473 4659 1617 4731 occtoeiao
1630 4658 1889 4728 Wtedisluricnde
1902 4679 1999 4727 emor·

369 4754 464 4826 ratur,
477 4745 668 4834 dmmiptum.
725 4745 796 4832 rgilh
811 4745 929 4832 abrupti
943 4753 1035 4812 restat
1049 4743 1201 4812 funiculus
1215 4744 1328 4810 sericus
1343 4745 1410 4812 ssavi
1425 4745 1541 4811 coloris.

468 4829 508 4930 ζ’)
536 4831 636 4898 Rode
649 4829 737 4900 vittas
751 4831 958 4908 Bodzoemwo,
984 4827 1113 4918 Gzolpin
1126 4837 1159 4897 et
1170 4827 1358 4908 mamm,
1373 4849 1479 4896 omnes
1496 4829 1692 4898 interritorio
1706 4829 1887 4918 Cujurienti,
1902 4828 1998 4916 prim

368 4923 399 4982 ct
411 4922 500 4982 tertm
512 4915 638 5002 regiona
651 4915 851 4994 Kowdienri‚
865 4915 997 4985 secundo
1010 4935 1083 4983 vero
1096 4915 1221 5002 regione
1232 4914 1471 5001 Rodziejorionsi
1484 4915 1569 4984 sitae
