4926 5940
1098 683 1376 758 -4ld-

419 908 546 982 catus
566 893 788 981 citaoionum
814 886 942 978 literas
964 887 1209 976 ¹necessarias
1239 899 1373 976 contra
1401 901 1528 974 certas
1557 914 1746 1004 personas
1772 905 1809 980 et
1837 908 1956 985 testes
1976 899 2050 990 de·

419 1013 523 1099 cerni
543 1009 593 1098 ad
614 1006 867 1128 probandum:
889 1006 1156 1126 proprietatem
1178 1005 1278 1094 dicte
1298 1002 1445 1092 decime
1465 1005 1502 1091 in
1521 1011 1798 1096 llr'roslowicze
1824 1013 1875 1101 ad
1895 1016 2045 1130 predio·
2081 1063 2085 1070 ·

417 1143 495 1216 tum
515 1127 702 1216 dominum
725 1125 955 1246 prepositum
976 1118 1317 1243 et'preposituram·
1337 1152 1443 1210 suam
1464 1125 1653 1240 pertinere
1672 1141 1708 1214 et
1728 1147 1905 1244 spectare
1924 1133 2055 1224 deba-¹

416 1273 471 1334 re.
503 1245 652 1360 Quibus
674 1246 896 1334 citacionum
916 1243 1030 1330 literis
1051 1242 1213 1329 decretis
1229 1255 1362 1329 contra
1379 1256 1506 1346 testes,
1528 1273 1597 1360 per
1615 1242 1822 1362 predictum
1843 1245 2042 1340 Nicolaum

417 1379 703 1482 procuratorem
732 1364 863 1480 prelati
893 1361 1031 1448 domini
1054 1361 1241 1478 'prepositi
1270 1357 1523 1464 inducendos,
1554 1363 1749 1451 terminum
1779 1365 1923 1455 eisdem
1943 1373 2041 1458 assi·

417 1485 618 1602 gnauimus
653 1495 941 1600 compettcntem
976 1479 1071 1591 (sic).
1124 1479 1213 1594 Quo
1249 1478 1405 1566 termino
1427 1479 1611 1585 veniente,
1647 1482 1814 1596 prelatus
1849 1481 2042 1594 Nicotaus,

417 1601 565 1686 nomine
596 1601 730 1718 prelati
761 1599 898 1688 domini
928 1597 1127 1714 prepositi,
1163 1611 1290 1700 testes,
1322 1624 1419 1715 quos
1450 1598 1487 1682 in
1516 1595 1728 1684 huiusmodi
1750 1606 1868 1689 causa
1897 1603 2042 1694 babere

415 1717 551 1824 voluit,
581 1719 731 1806 induxit.
763 1718 913 1832 Quibus
933 1717 1109 1820 testibus,
1138 1714 1300 1833 receptis
1320 1716 1370 1802 ab
1390 1714 1480 1831 ipsis
1501 1714 1739 1832 primitus'de
1759 1715 1918 1808 dicenda
1938 1724 2039 1810 veri·

360 1901 362 1906 -
415 1848 509 1940 tote,
529 1839 638 1923 tactis
665 1837 835 1924 manibus
865 1838 1030 1952 ipsorum
1060 1831 1245 1920 dominice
1271 1833 1459 1952 passionis
1490 1835 1725 1956 ymaginem,
1756 1849 1795 1920 et
1818 1839 1980 1954 prestitis
1998 1841 2044 1926 in

417 1953 586 2039 manibus
608 1957 745 2041 nostris
766 1950 1026 2069 corporalibus
1047 1951 1283 2055 iuramentis,
1314 1981 1475 2070 pernes
1496 1951 1699 2071 diligenter
1715 1957 1953 2064 examinatis,
1981 1958 2048 2074 ip:

415 2097 619 2190 eorumque
639 2073 747 2159 dictis
768 2103 815 2158 ac
835 2069 1139 2186 deposicionibus
1160 2067 1318 2157 fideliter
1344 2071 1587 2185 conscriptis,
1618 2099 1689 2158 nec
1709 2101 1784 2158 noo
1807 2075 1980 2162 omnibus
2000 2091 2051 2162 et'

412 2189 573 2304 singulis
592 2175 706 2293 actis,
720 2190 888 2305 juribuS,
919 2187 1124 2302 scripturis,
1144 2187 1182 2271 iu
1200 2186 1412 2272 huiusmodi
1432 2197 1550 2275 causa
1569 2217 1638 2303 pro
1659 2203 1766 2303 parte
1785 2189 1945 2304 predicti
1964 2190 2038 2278 do·

414 2306 500 2391 mini
522 2304 720 2392 Wladislui
742 2304 919 2422 prepositi
939 2301 1153 2424 productis,
1174 2305 1265 2390 visis
1285 2319 1322 2390 et
1343 2305 1491 2410 reuisis,
1518 2335 1567 2390 ac
1587 2305 1784 2424 diligenter
1805 2307 2036 2395 auscultatise

413 2422 510 2508 inter
529 2454 600 2510 nos
622 2439 765 2510 oratura
778 2422 1062 2510 deliberacione
1089 2420 1303 2536 prehabito,
1331 2451 1505 2540 aquaque
1535 2422 1646 2509 lance
1673 2424 1816 2510 iusticie
1840 2421 2038 2534 discussis,

413 2543 688 2627 communicato
718 2542 846 2627 eciam·
866 2569 981 2656 super
1006 2539 1061 2625 eis
1075 2539 1171 2654 juris
1192 2539 1393 2656 peritorum
1415 2539 1593 2644 oonsilio,
1623 2539 1863 2630 ad'nostram
1883 2554 2035 2630 senten*

412 2658 507 2743 ciam
527 2659 753 2747 diffinitiuarn
776 2659 1048 2775 processimus,
1080 2683 1203 2775 quam,
1238 2657 1404 2772 partibus
1438 2655 1613 2745 hincinde
1633 2658 1858 2773 pettentibus
1878 2658 1972 2771 (sic),
1993 2661 2043 2747 inl
2090 2657 2092 2663 ’

244 2875 252 2882 ,
412 2771 563 2891 scriptis
584 2777 731 2864 tulimus
752 2793 789 2864 et
809 2778 1239 2898 pronuncciaurmus,ac
1259 2775 1411 2860 ferimus
1432 2790 1473 2860 et
1488 2777 1804 2892 pronuncciamus
1824 2775 2045 2866 huiusmodi

413 2892 486 2978 sub
507 2899 657 2980 tenore:
1420 2967 1421 2972 l
2038 2961 2043 2970 .

333 3071 339 3080 .
516 3009 653 3096 Christi
681 3011 829 3096 nomina
856 3013 1052 3113 inuocato,
1084 3035 1155 3126 pro
1176 3011 1346 3096 tribunali
1372 3011 1567 3115 sedentes,
1598 3027 1636 3098 et
1669 3014 1791 3128 ipsum
1820 3011 1942 3097 solum
1968 3041 2046 3134 pra.

315 3215 327 3232 ,
411 3123 530 3212 oculis
550 3127 752 3232 habentes,
780 3139 927 3214 matura
947 3127 1142 3213 nobiscum
1168 3123 1445 3214 deliberacione
1466 3127 1680 3246 prehabita,
1702 3143 1740 3215 et
1760 3127 1808 3214 de
1822 3131 1919 3244 juris
1940 3133 2035 3246 peri·
2183 3119 2188 3130 ’

348 3301 353 3306 -
410 3257 533 3332 torum
555 3245 896 3363 oonsilio,·quibus
918 3243 966 3331 de
985 3244 1056 3361 hijs
1076 3245 1304 3332 relacionem
1325 3244 1530 3362 plenariam
1551 3247 1706 3334 lecimus
1727 3259 1766 3332 et
1785 3245 1954 3352 fidelem,
1985 3244 2044 3334 acl

409 3391 480 3476 per
500 3391 564 3464 ea,
595 3391 668 3480 que
689 3365 724 3449 in
745 3365 909 3480 presenti
939 3391 1056 3449 causa
1086 3356 1247 3453 vidimus
1275 3377 1312 3450 et
1342 3365 1612 3480 cognouimus,
1643 3394 1712 3482 per
1739 3365 1838 3452 banc
1863 3380 2042 3451 nostram>

409 3484 639 3568 sentenciam
660 3481 907 3588 diffinitiuam,
940 3511 1050 3599 quarn
1072 3481 1107 3565 in
1128 3479 1199 3596 hijs
1228 3481 1377 3596 scriptis
1397 3481 1566 3588 ferimus,
1598 3483 1935 3598 pronuncciamus,
1962 3479 2043 3567 des'

409 3597 596 3687 cernimus
626 3614 664 3686 et
684 3598 939 3686 declaramus:
966 3597 1134 3716 prelatos
1161 3594 1411 3686 uenerabiles
1440 3601 1544 3687 viros
1573 3597 1749 3688 dominos
1779 3597 1967 3687 decanum
1998 3597 2045 3685 eb

247 3763 251 3770 ·
410 3713 798 3831 capitulum'eoclesie
824 3730 956 3802 sancte
986 3715 1106 3802 lllarie
1136 3711 1391 3820 lancicienslS,
1453 3717 1652 3805 bezuensis
1681 3717 1864 3822 diocesis,
1891 3717 1944 3808 ab
1979 3716 2064 3835 iu·‘3·

408 3833 594 3949 peticione
614 3835 745 3952 prelati
766 3832 963 3948 reuerendi
985 3835 1102 3950 patris
1123 3832 1261 3920 domiui
1284 3744 1483 3920 Wladislai
1505 3835 1553 3920 de
1571 3830 1773 3954 Opporour,
1795 3833 2034 3921 decretorum

409 3949 595 4058 doctoris,
632 3953 812 4070 prepositi
847 3949 1014 4038 eiusdem
1037 3949 1198 4037 ecclesie
1233 3951 1490 4058 lanciciensis,
1522 3947 1654 4040 sancta
1688 3951 1790 4038 sedis
1820 3948 2041 4066 apostolicae

407 4067 699 4188 prothonotarij‚
715 4099 831 4186 super
851 4069 950 4156 dicta
972 4069 1118 4156 decima
1139 4068 1300 4154 omniurn
1321 4070 1505 4188 fructuum
1527 4080 1564 4154 et
1591 4079 1837 4186 prouentuum
1857 4066 2043 4200 creagris

406 4175 493 4271 ville
507 4192 787 4276 xllr'roslcroicza
807 4187 906 4273 dicte
926 4186 1101 4294 diocesis,
1117 4185 1374 4274 absoluendos
1394 4187 1476 4273 lore
1497 4202 1533 4274 ct
1549 4181 1796 4275 ‘absoluturus
1817 4184 2042 4302 lpsiecrauo

407 4300 559 4392 domino
592 4308 784 4424 preposito
813 4302 1028 4392 lanciciensi
1063 4335 1179 4421 super
1213 4298 1563 4422 inquietacionibus,
1602 4303 1955 4404 roolestacionibus,
1984 4327 2039 4386 oo

405 4421 693 4538 impedimentis,
722 4453 792 4540 pro
813 4422 1023 4513 huiusmodi
1052 4421 1197 4511 decima
1219 4435 1258 4508 et
1277 4423 1357 4509 eius
1378 4419 1745 4509 occasione'eisdern
1764 4419 1944 4523 dominis,
1964 4445 2043 4506 cae

406 4537 522 4654 pitulo
552 4541 767 4630 lanciciensi
787 4557 823 4628 et
843 4571 1016 4660 pereum
1037 4541 1217 4658 prestitis,
1248 4569 1296 4627 oc
1316 4567 1430 4652 super
1461 4542 1541 4656 ipsa
1556 4540 1710 4627 ¹decima
1731 4537 1923 4627 silencium
1944 4544 2043 4653 paral

279 4769 281 4774 Ι
404 4670 555 4772 petuurn
592 4659 835 4775 imponentes.
886 4656 1023 4766 Lecta,
1060 4659 1134 4746 lata
1156 4671 1193 4743 et
1213 4659 1249 4744 in
1269 4660 1344 4745 scri
1374 4659 1420 4744 tis
1441 4659 1710 4775 pronuncciata
1731 4669 1790 4742 est
1809 4655 1882 4742 bec
1902 4667 2031 4742 nostra

405 4775 599 4864 sentencia
635 4775 825 4866 diffinitiua
876 4807 945 4897 per
979 4807 1052 4868 nos
1070 4776 1301 4910 -lobanpem'
1334 4689 1519 4881 decanum
1555 4797 1837 4896 gnesnensem,
1865 4770 2031 4890 judicem
