4926 5940
1080 749 1290 827 .-458
1346 783 1391 800 -

440 977 478 1050 et
499 963 578 1049 eius
598 956 798 1048 ecclesiam
827 985 875 1041 ex
896 981 990 1056 una,
1021 967 1059 1040 et
1091 953 1289 1056 consules,
1321 947 1592 1068 proconsules,
1624 943 1812 1064 opidanos
1851 939 1894 1038 et¹
1924 952 2070 1038 univer·

440 1081 586 1169 sitalem
613 1073 714 1195 opidi
739 1073 929 1172 ddmrczlc,
962 1070 1289 1160 Wladislaviensis
1314 1067 1502 1173 diocesis,
1531 1065 1580 1154 da
1610 1081 1648 1155 et
1677 1088 1794 1185 super
1822 1065 2072 1158 demoliciooe

406 1185 411 1193 ⁸
439 1194 634 1284 cuiusdam
661 1192 797 1279 domus
817 1189 1056 1310 Episcopalis
1086 1221 1216 1278 mense
1242 1184 1568 1291 wladislaviensis,
1598 1201 1635 1274 et
1656 1187 1771 1273 rebus
1792 1185 1874 1306 alijs
1896 1185 2073 1275 deductis

439 1330 475 1403 et
502 1327 632 1400 earum
648 1311 887 1413 occasione,
924 1308 1093 1428 partibus
1121 1337 1167 1394 ex
1198 1307 1336 1411 altera,
1372 1305 1471 1394 bene
1496 1305 1614 1392 luisse
1644 1316 1682 1389 et
1709 1333 1797 1392 esse
1823 1334 2069 1422 processum,

438 1433 709 1520 sentenciatum
741 1443 778 1514 et
798 1429 1101 1546 pronunciatum.
1138 1427 1309 1537 eiusque
1324 1451 1546 1542 processum
1568 1435 1606 1508 et
1626 1423 1857 1510 sentenciam
1879 1422 2071 1511 huiusmo-

438 1549 478 1638 di
498 1545 756 1636 confirmanda
785 1547 866 1632 lore
896 1561 934 1632 et
954 1544 1240 1651 conlirnramus3
1262 1559 1298 1631 et
1319 1570 1388 1658 pro
1409 1553 1518 1659 parte
1538 1541 1753 1643 consulum,
1784 1542 2070 1659 proconsulum,
2197 1533 2210 1562 ⁴

439 1666 690 1786 opidanorum
720 1679 758 1752 et
787 1663 1036 1751 universitatis
1074 1661 1347 1778 predictorum,
1390 1661 1440 1746 ab
1471 1657 1606 1746 eodem
1637 1658 1790 1747 domino
1818 1657 1993 1750 lohanne
2022 1658 2073 1746 de

443 1783 809 1884 Polomcrauditore,
826 1783 983 1902 eiusque
998 1809 1182 1899 processo
1194 1778 1433 1868 etsentencia
1450 1775 1672 1880 huiusmodi,
1689 1775 1786 1864 male
1803 1777 1916 1864 luisse
1926 1793 1964 1864 et
1979 1807 2069 1865 esse

439 1916 688 2022 provocatum
709 1917 746 1989 et
764 1901 1011 2017 appellatum
1043 1929 1091 1986 ac
1111 1897 1267 1986 cosdem
1290 1894 1561 2014 proconsules,
1593 1894 1793 2000 consules,
1824 1889 2067 2012 opidanos'et

440 2021 717 2108 universitatem
740 2021 775 2105 in
797 2020 985 2135 expensis,
1008 2033 1208 2135 propterea
1236 2017 1271 2102 in
1297 2016 1370 2102 hac
1392 2043 1509 2100 causa
1532 2013 1710 2134 legittime
1730 2013 1858 2116 lactis,
1890 2011 2071 2100 condem·

438 2137 613 2256 pnandos
632 2139 714 2224 lore
736 2150 773 2248 et
791 2136 1133 2251 condempnemus:
1166 2163 1323 2253 quarum
1354 2159 1605 2250 expensarum
1627 2133 1861 2219 taracionem
1883 2129 1995 2218 nobis
2015 2131 2070 2217 in-

439 2269 632 2374 posterum
650 2281 903 2340 reservamus.
964 2251 1252 2370 Subsequenter
1277 2250 1399 2338 dictus
1428 2249 1601 2337 dominus
1621 2261 1766 2350 noster,
1790 2245 1966 2334 dominus
1987 2245 2068 2336 Eu·

441 2374 579 2490 genius
599 2373 707 2486 Papa
729 2384 903 2486 quartus,
933 2367 1121 2488 quandam
1144 2369 1382 2456 comissionis
1403 2369 1484 2456 sive
1505 2365 1795 2484 supplicacionis
1816 2363 1990 2451 cedulam
2006 2393 2071 2454 no·

439 2487 499 2578 bis
518 2489 694 2595 iohanni,
716 2485 906 2574 Cardinali
920 2485 1043 2573 ludici
1060 2501 1097 2574 et
1112 2487 1370 2574 commissario
1387 2515 1434 2572 ac
1449 2483 1654 2602 Executorj
1672 2485 1828 2602 prelato,
1850 2509 1918 2600 per
1932 2498 2073 2582 certurn

441 2635 549 2696 suum
571 2623 765 2695 cursorem
786 2607 996 2722 presentarj
1018 2605 1114 2708 iecit,
1131 2633 1244 2722 quam
1259 2617 1488 2710 reverenter,
1506 2617 1546 2691 ut
1561 2600 1695 2708 decuit,
1717 2602 1930 2718 recepimus
1947 2601 2072 2694 huius·

442 2723 546 2810 modi
568 2723 639 2814 sub
660 2738 808 2810 tenore:

545 2841 791 2957 Sanctissime
820 2847 945 2959 patert
1002 2839 1099 2926 Sunt
1139 2837 1338 2928 duodecim
1375 2841 1461 2926 anni
1497 2855 1535 2928 et
1573 2837 1691 2944 ultra,
1731 2835 1833 2958 quod
1874 2836 2070 2942 consules,

441 2959 692 3082 proconsules
709 2971 746 3044 et
761 2959 983 3047 universitas
1000 2957 1101 3074 opidi
1120 2961 1309 3061 Gdanczlr,
1334 2955 1662 3046 Wladislaviensis
1684 2956 1860 3060 diocesis,
1882 2953 2071 3074 quandam

441 3079 595 3167 domum
617 3078 698 3163 sive
714 3075 910 3191 pallacium
925 3067 1165 3192 Episcopale,
1182 3089 1361 3194 spectans
1374 3075 1484 3192 pleno
1494 3077 1582 3194 jure
1596 3073 1646 3162 ad
1663 3072 1912 3163 reverendum
1929 3088 2072 3192 patrem

441 3197 631 3286 dominum
664 3191 893 3312 Episcopum
923 3191 1261 3282 wladislaviensem
1292 3223 1363 3312 pro
1390 3207 1580 3310 tempore,
1610 3221 1696 3282 cum
1725 3192 1804 3281 suis
1832 3185 2072 3310 pertinencijs

442 3317 590 3436 penitus
610 3341 732 3429 usqua
752 3311 802 3398 ad
823 3307 1099 3400 tundamentum
1121 3310 1392 3400 demolirerunt
1412 3326 1447 3398 et
1468 3311 1753 3414 destruxerunt;
1785 3309 1884 3397 unde
1900 3324 2071 3426 propter·

397 3489 401 3495 ,
442 3463 489 3520 aa
512 3429 701 3552 quondam
722 3427 974 3518 Reverendus
995 3443 1104 3547 pater
1124 3429 1297 3519 dominus
1316 3429 1532 3537 lohannes,
1553 3428 1770 3550 Episcopus
1784 3426 2073 3516 Wladislovieo·

442 3551 515 3647 sis,
548 3551 620 3634 iam
651 3560 738 3637 sunt
765 3545 965 3636 duodecim
992 3549 1079 3638 anni
1107 3565 1144 3637 et
1172 3547 1288 3653 ultra,
1320 3564 1450 3637 contra
1479 3547 1617 3664 dictum
1647 3546 1798 3666 opidum
1828 3547 1926 3634 litem
1947 3547 2073 3652 movit,

444 3684 483 3754 et
504 3668 590 3784 quia
611 3668 739 3753 lorsan
760 3669 920 3754 intencio
942 3666 1040 3762 dicte
1061 3667 1222 3754 ecclesie
1244 3684 1331 3756 tunc
1353 3667 1462 3785 plene
1477 3667 1640 3786 probata
1660 3695 1736 3756 non
1756 3680 1855 3766 erat,
1875 3657 2073 3754 Reveren-

444 3783 517 3871 dus
539 3797 646 3900 pater
666 3781 839 3870 dominus
863 3784 1019 3873 Cunozo
1040 3778 1255 3902 Episcopus
1286 3783 1563 3891 Olornucensis,
1585 3799 1675 3874 tunc
1696 3783 1843 3902 pallacij
1875 3781 2075 3901 apostolici

444 3929 646 3991 causarum
668 3898 834 4002 auditor,
857 3899 994 3988 dictum
1017 3901 1168 4019 opidum
1189 3904 1239 3989 ab
1259 3904 1495 4019 impeticione
1516 3902 1603 3992 dicti
1626 3901 1814 4024 quondam
1832 3901 1971 3988 domini
1987 3900 2075 4018 Epi-

445 4020 553 4136 scopi
574 4017 746 4106 absolvit.
779 4018 814 4106 Α
836 4049 910 4138 qua
931 4033 1107 4136 pratense
1129 4022 1320 4108 sentencia
1347 4019 1552 4138 appellato,
1586 4017 1838 4110 Reverendus
1865 4035 1975 4135 pater
2004 4017 2073 4108 do·

445 4139 565 4225 minus
584 4136 780 4224 lohannes
801 4136 849 4224 de
869 4135 996 4258 Mella,
1018 4137 1116 4228 dicte
1137 4167 1252 4226 cause
1272 4139 1540 4256 appellacionis
1570 4155 1607 4228 et
1634 4135 1804 4228 eiusdem
1830 4136 1980 4256 pallacij
2007 4167 2073 4224 au·

445 4254 558 4360 ditor,
588 4253 728 4342 dictam
748 4255 911 4372 priorem
933 4271 1148 4374 protensam
1168 4257 1440 4345 absolutorium
1462 4259 1691 4345 sentenciam
1714 4253 1902 4370 diffinitive
1918 4283 2074 4343 revoca-

445 4375 560 4460 vitet
586 4371 724 4459 dictum
755 4371 917 4490 opidum,
940 4389 1095 4493 propter
1116 4377 1349 4463 temerariam
1379 4375 1680 4465 destruccionem
1717 4389 1756 4462 et
1791 4373 2075 4462 demolicionem

446 4489 668 4596 huiusmodi,
681 4491 715 4577 in
738 4492 900 4696 quinpua
922 4492 1065 4579 milibus
1086 4521 1365 4614 sexagenorum
1386 4492 1543 4580 latorum
1565 4523 1801 4614 grossorum,
1831 4521 1878 4580 ao
1898 4493 2076 4610 expensis

446 4607 547 4694 dicte
567 4609 728 4694 ecclesie
749 4639 822 4696 con
852 4611 1049 4728 empnavit.
1092 4607 1140 4698 Et
1160 4613 1246 4730 quia
1268 4613 1448 4730 prelatum
1471 4611 1622 4730 opidum
1644 4642 1750 4700 suam
1772 4625 1987 4728 protensam
2008 4639 2074 4726 ap·

446 4724 691 4842 pellacionem
713 4755 735 4813 a
757 4727 857 4814 dicta
879 4727 1067 4818 diffinitiva
1090 4732 1281 4818 sentencia
1308 4727 1576 4817 adiudicatoria
1600 4731 1715 4848 ipsius
1736 4730 1875 4817 domini
1894 4729 2077 4817 lobannis

446 4843 496 4930 de
517 4840 632 4931 Mella
654 4842 833 4951 descruit,
854 4847 1052 4936 reverendi
1073 4861 1201 4967 patres
1224 4847 1362 4937 domini
1384 4849 1613 4937 laurencius
1635 4848 1683 4937 de
1704 4854 1859 4956 arecio,
1881 4848 2077 4936 lohannes
