4896 5926
1098 751 1373 826 -156-

416 981 533 1070 super
561 950 631 1040 lriis
656 953 694 1038 in
713 963 906 1067 pestcrum
927 949 1148 1058 dubitetur,
1160 966 1372 1070 presentem
1394 954 1573 1072 paginam
1593 952 1715 1074 sigillo
1736 963 1867 1040 nestro
1888 950 2045 1039 manda·

417 1073 540 1158 uierus
559 1070 787 1158 communiri.
817 1068 955 1158 Actum
976 1071 1011 1156 in
1032 1077 1162 1156 oenone
1192 1077 1439 1174 Wedo'sleein,
1460 1071 1707 1189 presentibus:
1729 1071 1864 1158 cernite
1885 1069 2045 1158 Hortos·

418 1190 475 1277 sie
497 1185 645 1304 judice,
674 1186 879 1308 Butiuugio
909 1188 1134 1297 vexillifero,
1163 1189 1310 1306 Jesepb
1339 1191 1520 1295 ensifero,
1549 1190 1725 1278 dohanne
1753 1188 2046 1292 subcamerario,

417 1305 569 1394 domine
589 1303 777 1393 Michaele
797 1305 996 1424 capellano
1018 1308 1137 1413 curie,
1164 1305 1313 1394 docebo
1334 1306 1383 1394 de
1402 1306 1552 1395 Lesbon
1569 1309 1651 1420 (sic)
1677 1323 1712 1396 et
1732 1307 1904 1393 debanna
1925 1306 2045 1422 scrip·

418 1439 499 1512 tore
529 1422 632 1510 curie
660 1437 790 1511 nostre
819 1441 855 1512 et
880 1425 962 1512 eliis
986 1424 1062 1512 sede
1093 1425 1243 1545 dingnis
1265 1427 1358 1538 (sic).
1410 1425 1546 1515 Datum
1568 1455 1667 1514 anno
1689 1425 1827 1514 domini
1849 1423 1905 1511 lll⁰
1926 1423 2046 1510 CCC⁰

417 1543 547 1660 prime,
567 1539 652 1628 XV.
674 1541 871 1630 Kalendas
892 1545 1056 1662 augustj.
2036 1587 2038 1589 >

1129 1857 1340 1974 CLXXV.

490 2127 913 2224 Wtedr'otnctec,
940 2147 1095 2213 emme
1121 2125 1270 2212 1³01
1298 2130 1392 2216 dte
1417 2129 1489 2215 16
1515 2132 1716 2216 menete
1740 2134 1982 2241 Auprmtt.

417 2329 639 2404 locutorium
666 2329 802 2398 ottocaro
825 2327 1041 2403 urorum
1062 2329 1181 2402 ordinis
1202 2331 1362 2423 permutet
1381 2322 1489 2422 villor,
1514 2333 1652 2408 decimor
1678 2337 1712 2409 ot
1732 2333 1955 2428 possessiones
1976 2353 2046 2409 ou

899 2427 1057 2538 murelo
1079 2431 1231 2524 lplrcopo
1253 2431 1506 2508 lllrdlrlrrtonrl
1520 2437 1569 2521 (ι).

517 2659 561 2748 ln
581 2658 730 2748 nemine
751 2654 907 2763 domini,
935 2685 1056 2743 emen.
1108 2653 1191 2744 Nos
1214 2657 1329 2745 lrnter
1356 2655 1566 2792 Rcdgerus
1586 2657 1726 2764 obbas,
1756 2674 1930 2778 totusque
1951 2686 2044 2746 con-

417 2793 553 2868 uentus
573 2777 622 2864 de
646 2781 769 2890 Olyee
789 2773 931 2864 ordinis
953 2775 1228 2892 cysterciensis,
1259 2773 1572 2865 wlodislaurensis
1593 2774 1781 2892 dyocesis,
1810 2775 2044 2892 presentibus

416 2899 649 3018 profitemur:
680 2891 782 3014 quod
802 2891 998 3012 prehabito
1020 2891 1186 3012 diligenti
1207 2907 1384 3000 tractatu,
1414 2923 1464 2980 ac
1483 2908 1628 2981 mature
1650 2895 1808 2983 consilio
1828 2909 1865 2982 et
1884 2893 2044 2981 unanimi

418 3044 621 3119 consensu,
643 3041 726 3099 cum
748 3009 1007 3098 venerabiliis
1031 3009 1180 3098 Christe
1201 3021 1308 3128 patre
1329 3011 1480 3099 demine
1499 3029 1640 3118 nostre,
1661 3011 1812 3101 domine
1830 3009 2045 3100 Gerwordn

418 3136 480 3224 dei
499 3133 631 3254 gracie
652 3129 814 3218 ecclesie
833 3127 1146 3216 wladislouiensis
1167 3131 1359 3246 episcopo,
1385 3143 1422 3216 et
1441 3131 1604 3247 capitulo
1625 3160 1708 3236 sun,
1727 3126 2045 3248 permutacionem

417 3265 636 3374 perpetuam
655 3249 813 3336 lecimus
833 3243 1080 3352 decimarum,
1106 3247 1409 3362 possessionum,
1440 3263 1478 3336 et
1497 3249 1616 3336 eciam
1635 3247 1816 3336 villorum.
1866 3247 1922 3336 lto
1942 3247 2045 3366 quod

416 3381 648 3459 memoratus
672 3364 899 3454 venerabilis
921 3377 1184 3483 paternoster
1214 3381 1251 3454 et
1270 3363 1463 3472 dominus,
1494 3367 1628 3456 uolens
1648 3365 1720 3455 noos
1740 3363 1790 3453 od
1811 3395 1881 3454 sua
1902 3389 2046 3478 sueque

417 3487 580 3580 ecclesie
620 3484 780 3572 seruicia
818 3481 976 3570 lidelitcr
1014 3480 1247 3590 exbibenda,
1289 3512 1336 3571 en
1370 3483 1529 3601 amplius
1562 3487 1644 3574 lere
1680 3484 1889 3602 obligatos,
1930 3482 2045 3572 soleis

418 3601 679 3695 obseruonci's
712 3600 853 3688 ordinis
882 3601 1022 3706 nestri,
1064 3601 1180 3688 cessit
1210 3600 1320 3690 nobis
1355 3618 1392 3690 et
1421 3602 1583 3692 ecclesie
1619 3618 1746 3691 nestro
1778 3615 1960 3722 perpetue
1996 3599 2046 3688 dc

417 3721 574 3812 decimis
603 3631 655 3805 ad
681 3747 848 3806 mensore
878 3719 995 3835 ipsius
1022 3718 1309 3835 pertinentibus,
1339 3720 1377 3807 in
1397 3719 1491 3806 villis
1519 3733 1557 3807 et
1576 3719 1884 3837 possessionibus
1906 3720 2046 3806 nestris

416 3837 726 3944 consistentibus,
757 3853 868 3956 prout
897 3866 997 3924 nunc
1025 3851 1111 3924 sunt
1140 3839 1252 3924 certis
1281 3836 1452 3924 limitibus
1481 3836 1672 3945 distincte,
1690 3837 1876 3925 'videlicet
1901 3851 1976 3924 tom
1997 3833 2045 3922 de

258 4047 265 4075 ,
417 3960 544 4082 agris,
574 3982 672 4070 ques
692 3955 858 4066 (nestris)
886 3954 1079 4043 laboribus
1105 3953 1165 4040 uel
1185 3954 1392 4071 sumptibus
1413 3955 1589 4063 colimus,
1620 3981 1732 4067 quare
1753 3956 1873 4042 eciam
1892 3955 2046 4067 quibus·

418 4102 577 4190 cumque
604 4091 643 4164 et
661 4099 899 4188 quecumque
919 4075 998 4160 iure
1018 4070 1252 4161 Tbeutonice
1269 4072 1333 4158 uel
1354 4073 1617 4190 emphiteetice
1638 4074 1721 4184 (sic)
1751 4069 1933 4160 colendos
1954 4087 2046 4158 oen·

271 4186 276 4211 '
418 4197 665 4303 cesserimus,
697 4191 865 4280 decimas
885 4190 1072 4312 prediales
1102 4189 1151 4280 de
1177 4189 1369 4278 laboribus
1389 4191 1574 4312 preprijs‚
1609 4221 1659 4278 oc
1688 4191 1806 4279 eciam
1837 4189 1886 4276 ob
1913 4187 2045 4278 incelis

520 4463 561 4550 (Ι)
589 4465 636 4533 Ex
649 4464 811 4552 archetypo
821 4459 1053 4528 membranaceo
1068 4461 1098 4526 in
1112 4459 1258 4525 tubuloric
1272 4457 1391 4539 capituli
1405 4457 1660 4525 Wledislericnsis
1674 4463 1841 4535 asserente,
1855 4455 1952 4522 deseri
1973 4463 2046 4523 tuen.

417 4549 522 4636 Sigilln
536 4549 654 4616 desunt
669 4599 676 4612 .
689 4554 909 4633 Argumentum
924 4546 1014 4631 hujus
1028 4544 1147 4610 tabulae
1162 4543 1240 4609 idem
1255 4553 1317 4622 ost,
1341 4543 1422 4630 qued
1444 4553 1475 4610 et
1488 4543 1623 4629 proximo
1642 4541 1795 4630 sequentis
1817 4561 1856 4610 ox
1876 4477 2047 4607 Ledolruric

417 4635 625 4721 depromptos,
640 4635 671 4698 in
686 4653 723 4699 ee
733 4643 834 4698 temen
846 4631 954 4708 differt,
968 4630 1049 4728 quod
1065 4637 1166 4694 nostro
1180 4627 1280 4694 tabule
1294 4631 1428 4695 continet
1442 4635 1561 4713 poctorm
1575 4627 1613 4692 de
1624 4626 1756 4704 decimis,
1771 4625 1932 4693 Lodoburii
1943 4633 2044 4691 eutem

417 4719 519 4787 tobulo
541 4725 587 4784 est
607 4717 727 4782 nonnisi
748 4715 935 4782 confirmatio
957 4713 1091 4800 ejusdem
1113 4713 1202 4812 poeti.
1236 4712 1427 4801 Archetypon
1449 4711 1570 4778 tubulus
1591 4713 1621 4777 in
1644 4711 1773 4777 Archino
1795 4708 1954 4776 Lodoburii
1969 4708 2046 4796 typis

416 4803 514 4872 deseri
598 4800 749 4866 inuenitur
763 4801 793 4865 in
809 4799 955 4867 tobulerio
969 4799 1121 4866 secretierr
1136 4797 1393 4882 Rogiereoetono:
1414 4795 1748 4868 SehiobtodeLV1.N=⁰
1763 4797 1796 4874 1.,
1811 4795 1899 4882 eique
1914 4811 2047 4880 appenso

418 4895 489 4957 sunt
523 4906 564 4954 uc
578 4883 683 4973 sigillo,
697 4885 809 4953 scilicet
822 4884 991 4972 episcopale
1007 4890 1038 4951 ot
1050 4883 1221 4969 capitulare.
