4878 5942
1074 766 1116 780 -,
1172 721 1247 800 ota
1305 765 1343 776 -

398 925 612 1014 conducent
634 923 805 1013 eandem.
865 924 1047 1012 Preterea
1077 924 1258 1012 scultetus
1291 923 1372 1042 ipse
1403 953 1487 1010 cum
1518 925 1597 1012 suis
1630 926 1795 1041 posteris
1835 925 1970 1014 ibidem
1991 925 2028 1014 in

251 1121 254 1128 Α
397 1050 550 1132 Sondek
569 1073 682 1132 unum
713 1041 963 1134 molendinum
997 1072 1081 1129 oum
1110 1043 1276 1177 pisscina
1305 1041 1408 1154 (sic),
1439 1071 1549 1129 unam
1579 1041 1820 1149 thabernam,
1852 1059 1889 1132 et
1915 1075 2027 1132 unum
2162 1145 2164 1148 ,

319 1236 327 1250 .
389 1162 609 1257 minianum
630 1161 792 1249 babebit.
844 1160 936 1248 ltem
958 1159 1135 1246 iudicabit
1155 1189 1287 1246 omnes
1309 1188 1448 1245 causas
1469 1189 1608 1276 paruas
1630 1174 1667 1246 et
1687 1190 1867 1280 magnas,
1898 1164 2028 1250 ciuiles
2126 1215 2134 1231 .

398 1297 437 1368 et
456 1277 684 1383 criminales,
715 1280 809 1366 inter
840 1279 1017 1365 tonninos
1046 1273 1216 1396 predicte
1245 1273 1463 1364 hereditatis
1492 1293 1621 1364 nostre
1652 1281 1929 1398 contingentes,
1943 1281 2029 1398 jure
2165 1305 2168 1312 ·

398 1397 573 1492 sredensi
594 1397 786 1516 predicto,
817 1412 992 1516 presente
1024 1411 1154 1484 nostro
1184 1395 1345 1482 nunccio
1374 1396 1543 1514 generali
1564 1396 1623 1482 uel
1645 1399 1819 1516 speciali:
1851 1411 1888 1484 et
1909 1397 1957 1486 de
1977 1399 2030 1485 iu-

398 1513 533 1603 dicatis
565 1516 662 1603 duos
691 1513 870 1601 denarios
901 1544 972 1602 nos
1002 1529 1038 1602 et
1059 1513 1176 1616 nostri
1197 1541 1468 1620 successores,
1499 1512 1580 1634 ipse
1601 1543 1693 1601 vero
1714 1515 1895 1604 scultetus
1915 1529 1951 1602 ct
1972 1517 2030 1604 sui

399 1633 542 1750 posteri
563 1633 739 1736 tercium,
770 1662 818 1720 ac
839 1631 886 1720 de
907 1632 1122 1724 iuramentis
1143 1661 1215 1718 nos
1236 1627 1490 1736 medietatem,
1521 1645 1560 1718 et
1578 1632 1760 1721 scultetus
1794 1634 2030 1721 medietatem

397 1753 634 1870 recipiemus.
696 1749 941 1844 Teucbuntur
970 1751 1089 1836 eciam
1119 1745 1242 1844 incole
1263 1745 1347 1834 ville
1368 1764 1575 1844 memorate
1595 1748 1707 1842 nobis
1728 1765 1766 1838 et
1784 1752 1924 1840 nostris
1945 1781 2030 1840 suc·

356 1889 360 1896 '
399 1870 620 1958 cessoribus
642 1899 754 1956 unum
776 1867 875 1956 diem
894 1865 944 1958 ad
965 1867 1125 1982 yemalia
1147 1881 1184 1954 et
1204 1864 1411 1954 secundum
1433 1866 1482 1954 ad
1504 1867 1673 1956 estiualin
1693 1897 1823 1972 arare,
1844 1869 2031 1958 seminare

401 2005 440 2078 et
459 1988 644 2102 arpioare.
706 1985 893 2076 Volumus
923 1988 1063 2092 eciam,
1094 1983 1196 2102 quod
1227 1983 1348 2072 incole
1378 1984 1661 2074 ville'eiusdem
1688 1985 1796 2076 nobis
1826 2000 1864 2074 et
1892 1989 2032 2076 nostris

400 2103 692 2194 succemoribus
721 2105 772 2216 ad
801 2106 934 2193 iestunn
955 2102 1130 2194 Phassce
1151 2103 1236 2214 (sic)
1257 2102 1416 2223 singulis
1445 2103 1554 2198 nnnis
1575 2101 1666 2190 dent
1685 2133 1755 2221 per
1776 2105 1925 2224 triginta
1945 2133 2030 2192 ova.

401 2222 610 2312 Statuimus
631 2223 751 2312 eciam
772 2253 819 2312 ex
840 2235 955 2340 pacto
976 2222 1153 2340 speciali,
1186 2220 1288 2338 quod
1310 2221 1407 2308 idem
1432 2221 1613 2310 scultetus
1634 2235 1672 2308 et
1690 2221 1748 2308 sui
1768 2216 2036 2328 successores,¹

400 2370 448 2428 ac
469 2340 593 2430 incole
613 2339 697 2428 ville
718 2339 903 2443 eiusdem,
934 2341 970 2428 in
992 2341 1075 2454 ipsa
1096 2339 1183 2426 uillc
1204 2338 1453 2454 personaliter
1472 2337 1636 2428 debeant
1656 2338 1845 2446 residere3
1876 2369 1950 2428 non
1976 2340 2032 2426 ln-

401 2460 546 2550 cientcs
567 2471 705 2564 nutem,
727 2459 907 2548 scultetus
928 2455 1106 2544 scultecia
1129 2471 1164 2544 et
1186 2455 1343 2544 villanus
1363 2485 1498 2544 manso
1519 2485 1652 2542 carcre
1672 2455 1836 2546 debeant
1854 2459 1939 2574 ipso
1955 2458 2033 2544 lac·

401 2589 454 2670 lo.
516 2575 560 2666 Si
587 2604 681 2664 vcro
711 2606 784 2665 nos
815 2573 875 2662 vel
911 2586 1064 2660 nostros
1094 2601 1343 2662 successores
1364 2572 1552 2660 aduersus
1573 2571 1733 2660 eundem
1754 2575 1950 2660 scultetum
1972 2577 2032 2662 uel

403 2723 498 2784 suns
535 2687 784 2784 successores
819 2689 959 2811 aliquid
995 2719 1113 2808 agere
1149 2691 1344 2809 contingat
1389 2689 1448 2778 uel
1486 2689 1692 2807 querulari,
1731 2703 1868 2778 extunc
1902 2721 2034 2780 coram

404 2811 578 2900 omnibus
597 2811 802 2900 aduocatis.
833 2813 868 2898 in
897 2817 1017 2923 topow
1047 2808 1230 2898 tenebitur
1255 2806 1500 2927 respondere.
1561 2807 1721 2924 lnsupcr
1750 2808 1930 2896 scultetus
1950 2810 2033 2927 ipsc

403 2945 443 3018 et
462 2931 521 3018 sui
544 2931 687 3049 posteri
707 2926 843 3016 ibidem
873 2925 1055 3048 generale
1084 2925 1310 3046 colloquium
1335 2942 1393 3014 ter
1421 2927 1457 3014 in
1488 2955 1588 3015 anno
1610 2925 1855 3014 celebrabunt
1873 2927 2033 3046 singulis

403 3049 532 3154 annis,
563 3061 602 3134 et
621 3047 803 3136 scultetus
824 3076 895 3164 pro
915 3075 992 3132 uno
1013 3045 1171 3164 prandio
1193 3044 1393 3132 duodecim
1414 3073 1601 3164 grossos,
1627 3075 1675 3132 ac
1695 3045 1817 3132 incole
1838 3073 1908 3161 pro
1937 3046 2033 3134 duo-
2183 3095 2199 3148 ῃ

404 3165 478 3256 bus
506 3165 637 3288 uiginti
667 3179 830 3302 quatuor
858 3195 1024 3284 grossos
1050 3163 1201 3254 soluere
1230 3165 1304 3252 sint
1327 3164 1480 3252 astricti.
1541 3159 1724 3252 Preterea
1752 3161 1932 3255 scultetus
1950 3165 2033 3282 ipse

405 3298 443 3374 ot
463 3283 522 3374 sui
544 3296 704 3402 posteri,
730 3312 782 3375 ac
803 3283 922 3370 eciam
943 3283 1068 3374 incole
1086 3280 1172 3370 ville
1192 3297 1416 3389 memorate,
1447 3279 1558 3368 nobis
1579 3295 1617 3368 et
1636 3282 1777 3372 nostris
1796 3284 2033 3370 successori-

403 3401 477 3490 bus
508 3401 695 3507 honores,
723 3401 930 3520 peticiones
962 3416 998 3488 et
1028 3399 1208 3504 seruicia,
1238 3401 1337 3488 iuxta
1365 3395 1675 3488 consuetudinem
1711 3414 1749 3488 et
1782 3400 1841 3488 ius
1866 3399 2032 3488 aliarum
2108 3395 2138 3492 ,ν’

405 3531 618 3610 nostrarum
640 3519 807 3608 villarum
830 3519 1067 3612 exhibebunt.
1106 3517 1149 3606 ln
1171 3517 1277 3606 cuius
1297 3519 1352 3606 rei
1375 3517 1635 3624 testimonium,
1656 3517 1779 3637 sigilla
1800 3531 1968 3608 nostmm
1997 3531 2034 3604 et
2112 3595 2117 3600 .

405 3636 557 3755 capituli
583 3639 701 3726 nostri
732 3637 890 3756 predicti
919 3637 1256 3742 wladislauiensis,
1287 3634 1524 3754 presentibus
1557 3652 1645 3724 sunt
1664 3665 1846 3754 appensa.
1895 3637 2032 3726 Actum

405 3769 443 3844 el
464 3753 591 3844 datum
612 3755 649 3844 in
665 3761 826 3868 cadmo
853 3761 1110 3857 Windislouin,
1144 3753 1231 3842 Vlll
1252 3753 1313 3842 dic
1334 3755 1474 3844 mensis
1494 3754 1640 3871 aprilis,
1670 3783 1771 3844 unno
1791 3753 1930 3842 domini
1952 3755 2032 3840 mil·

406 3873 537 3962 lesimo
558 3877 823 3964 trecentesimo
844 3874 1108 3994 octuagesimo
1123 3872 1306 3962 secundo.
1326 3873 1576 3962 Prosentibus
1594 3869 1878 3962 honorabilibus
1897 3882 1934 3956 et
1955 3869 2032 3958 dis·

405 3993 518 4082 oretis
547 3993 652 4096 uiris,
682 3991 862 4082 dominis:
892 3991 1108 4082 Theodrico
1141 3993 1353 4196 ppeposito,
1392 3988 1556 4083 Nicolao
1590 3990 1815 4093 scolastico,
1856 3987 2032 4076 debanna

404 4107 696 4212 archidiacono,
727 4110 890 4198 lilartino
927 4109 1104 4210 custode,

404 4225 481 4316 lide
500 4225 654 4344 diognis
674 4227 769 4336 (sio).

1179 4109 1302 4198 icoluo
1334 4123 1508 4213 cantore,
1539 4123 1577 4198 et
1604 4107 1689 4223 alijs
1718 4135 1830 4224 quam
1867 4105 2032 4223 plurimis
