4926 5940
1061 765 1335 839 -415-

383 965 573 1083 tineucijs,
603 963 840 1082 coherencijs
870 977 909 1052 et
928 963 1127 1083 appendijs
1156 966 1343 1057 uniuersis
1378 963 1530 1076 tamdiu,
1560 995 1757 1087 quousque
1784 967 1883 1058 dicte
1904 971 2011 1084 quin·

384 1084 564 1204 quaginta
584 1111 712 1170 marce
733 1081 802 1169 sibi
833 1081 893 1168 uei
914 1083 992 1170 suis
1023 1083 1212 1203 legittinris
1240 1086 1531 1174 successoribus
1562 1115 1631 1202 per
1651 1084 1825 1190 nosque!
1857 1103 2011 1178 nostros

384 1229 651 1306 successores,
683 1199 921 1320 integraliter
934 1200 1069 1288 fuerint
1087 1203 1300 1319 persoluta:
1330 1199 1466 1316 quibus
1488 1201 1619 1292 solutis
1640 1203 1809 1322 predicte
1834 1205 1921 1292 vilia
1940 1237 2012 1326 po-

385 1321 510 1408 sessio
530 1319 613 1432 (sic)
633 1315 683 1404 ad
705 1349 777 1406 nos
798 1317 858 1404 uel
879 1341 1127 1408 successores
1148 1333 1301 1408 nostros
1320 1335 1529 1408 reuertatur
1548 1322 1628 1408 iure
1649 1322 1772 1441 pleno.
1823 1323 2013 1412 Stacioni-

385 1435 477 1543 bus,
500 1434 859 1542 contribucionibus,
880 1437 991 1525 nobis
1011 1435 1093 1524 dari
1114 1437 1233 1525 sciitis
1253 1453 1290 1526 ct
1310 1439 1504 1526 consuetis
1522 1469 1673 1558 semper
1693 1441 1822 1528 saluis.
1857 1440 2014 1546 Harum,

386 1553 521 1668 quibus
541 1555 702 1674 sigillum
738 1567 908 1642 nostrum
944 1583 1152 1674 appensum
1187 1569 1257 1662 est,
1278 1557 1489 1644 testimonio
1524 1557 1741 1646 litterarum.
1802 1557 1941 1646 Datum
1976 1559 2014 1648 in

385 1677 645 1786 Szrocouystc
665 1669 741 1785 (2),
772 1673 863 1759 ieria
886 1687 994 1760 sexta
1015 1674 1100 1792 ipso
1121 1671 1182 1761 die
1217 1675 1337 1762 sancti
1374 1672 1595 1762 Wenceslai
1631 1677 1805 1793 martyris
1841 1675 2012 1794 gloriosi,
2111 1775 2115 1782 ¹

387 1820 487 1879 auno
508 1789 646 1882 domini
668 1790 862 1878 millesimo
883 1789 1256 1912 quadringentesimo
1276 1792 1464 1912 vigesimo
1485 1791 1625 1907 quinto.

412 2091 459 2182 ou
488 1973 650 2110 liciaciu
676 1974 899 2066 venerabilis
925 1975 1112 2066 Jobannis
1138 1974 1275 2066 dacaru
1296 1975 1572 2084 cracouiensis‚
1592 1975 1721 2098 Regni
1743 1977 1904 2068 Potonie
1923 2009 2015 2068 can-

388 2122 411 2182 c
460 2121 542 2210 erp.

449 2417 450 2422 Ἰ
491 2325 533 2412 (²1
548 2327 628 2426 ⁸ibit
639 2327 853 2426 procul-dubio
876 2327 1107 2410 δωιξσίοωὼιῑεί
1119 2329 1188 2427 uitta
1202 2330 1345 2427 territorii
1359 2339 1391 2397 et
1403 2330 1535 2415 regionis
1548 2329 1824 2428 Mcriampolensis‚
1847 2331 2018 2419 provinciae

389 2414 654 2495 Augustorrensrs:
678 2419 790 2478 etenum
807 2433 844 2477 eo
858 2433 940 2477 anno
954 2415 1021 2478 Rex
1035 2413 1220 2478 Wtadrsiaus
1249 2413 1420 2498 effugiendo
1434 2421 1563 2498 pestem,
1583 2434 1662 2500 quae
1676 2437 1706 2478 ro
1723 2416 1848 2482 Polonia
1863 2417 2018 2502 pacata·

388 2503 447 2572 tur,
462 2495 493 2560 in
508 2494 544 2559 iis
558 2494 731 2578 regionibus
742 2497 993 2569 commorabatur,
1005 2497 1196 2581 proficiscens
1211 2497 1241 2562 iu
1256 2497 1363 2562 urbem
1378 2498 1525 2562 brestiom
1540 2497 1723 2562 Litranicem
1739 2499 1776 2563 ud
1787 2499 2019 2568 celebrandoru-

390 2579 485 2656 mitia,
549 2599 586 2644 ae
600 2577 738 2645 inchoata
752 2588 823 2646 sunt
836 2580 885 2646 die
910 2582 944 2646 11
960 2579 1150 2656 Novembris;
1171 2579 1281 2668 quibus
1295 2579 1387 2646 finitis
1407 2600 1476 2646 cum
1501 2599 1594 2647 uxore
1609 2581 1735 2647 oonbrlit
1745 2602 1779 2648 sa
1794 2584 1825 2648 in
1840 2585 2018 2650 Lituunianc

390 2661 468 2749 (Vid.
545 2663 635 2748 gessii
650 2662 725 2730 ttist
741 2663 823 2750 Pub).
1324 2703 1332 2716 ·

1047 2948 1363 3067 CCCLXXIV.

320 3164 327 3174 “
392 3187 465 3270 luc
483 3183 697 3322 oppido
711 3185 944 3271 Bruttio
960 3185 1280 3286 Mtouotco,
1306 3207 1359 3274 a.
1377 3183 1527 3273 1425
1545 3187 1597 3272 ct.
1615 3183 1686 3270 15
1707 3207 1779 3271 m.
1795 3187 2021 3272 Nucem.

392 3385 617 3478 saecun·
631 3351 977 3464 asennaeum
992 3387 1273 3464 normanno
1286 3387 1787 3482 ungerorounonrtnnnn
1800 3386 2022 3464 nium
2128 3383 2135 3395 “

921 3489 1144 3580 perunum
1157 3508 1343 3566 cornuum
1357 3508 1432 3566 esse
1447 3492 1498 3578 (¹).

496 3677 586 3801 Ego
615 3679 784 3768 Jacobus
806 3680 854 3768 da
875 3687 1067 3768 Roranam
1096 3677 1155 3796 (²)
1184 3681 1332 3798 publice
1361 3681 1546 3769 confiteor
1576 3693 1614 3766 et
1633 3679 1904 3800 recongnosco
1927 3679 2022 3792 (sic),

395 3829 455 3886 nra
474 3800 668 3916 recepisse
694 3815 729 3885 et
750 3797 927 3888 babuisse
957 3800 1231 3916 capitaneatunr
1260 3799 1525 3887 dobrinanscm
1557 3829 1641 3886 cum
1671 3799 1843 3886 omnibus
1865 3799 2026 3908 ciuitatig

395 3917 483 4024 buS,
514 3916 657 4036 opidis,
689 3919 843 4021 castris,
873 3917 968 4008 vitiis
988 3948 1036 4005 ac
1062 3917 1145 4006 aii's
1165 3917 1274 4006 bonis
1295 3918 1345 4005 ad
1366 3919 1488 4034 ipsum
1510 3917 1783 4034 spectantibus,
1814 3946 1837 4002 a
1859 3915 2022 4000 serenis·

395 4035 491 4126 simo
512 4037 678 4149 principe
708 4034 878 4141 domino,
911 4035 1062 4122 domino
1092 3947 1327 4140 bb'iadislao,
1358 4036 1418 4123 dei
1440 4035 1574 4152 gracia
1602 4031 1719 4149 Rege
1749 4031 1908 4118 Polonie
1938 4045 2023 4138 etc„
2100 4059 2102 4066 ’

395 4150 548 4240 domino
578 4151 687 4236 ruicbi
717 4155 1022 4270 gracicsissinro‚
1053 4151 1103 4237 ad
1134 4151 1333 4238 tenendum
1364 4166 1401 4238 et
1428 4147 1717 4269 gubernandum
1747 4148 1857 4235 michi
1878 4148 1967 4236 data
1988 4163 2025 4237 et

396 4297 595 4358 concessa.
646 4265 706 4354 Da
728 4297 802 4390 quo
825 4267 973 4386 quidem
996 4268 1250 4384 capitaneum,
1271 4269 1519 4374 siuetenuta‚
1549 4267 1695 4384 prefato
1718 4265 1868 4354 domino
1889 4280 2024 4357 nostro
2081 4257 2106 4359 ι’

395 4383 520 4507 Regi,
550 4383 708 4504 singuiis
738 4385 846 4473 annis
875 4383 1173 4504 quadringentas
1203 4413 1352 4474 marcas
1372 4385 1523 4474 soluere
1544 4415 1603 4471 rne
1625 4383 1754 4506 obligo
1776 4399 1811 4474 et
1832 4385 2049 4500 stacioncsr

413 4719 417 4726 p
498 4635 539 4720 (¹)
567 4637 614 4705 Ex
625 4635 785 4724 archetypo
799 4634 1031 4703 membranaceo
1050 4635 1257 4704 Varsariansis
1270 4635 1408 4702 tabulari
1424 4635 1535 4723 publici
1548 4636 1648 4722 Regni
1663 4635 1805 4703 Potoniae
1818 4635 1873 4706 Ντο
1893 4635 1957 4703 574
1975 4633 2026 4703 de·

397 4718 455 4788 sori
476 4725 550 4787 tum.
578 4721 724 4788 Tuaniota
737 4741 920 4808 pergamena
933 4741 1099 4808 oppeosrrm
1113 4720 1243 4806 sigillum
1257 4721 1381 4788 minoris
1390 4721 1506 4808 figurae
1519 4728 1727 4808 repraesentat
1740 4721 1826 4810 quasi
1841 4727 1903 4788 tras
1914 4727 2024 4798 turrea

399 4825 452 4872 rer
505 4804 537 4870 in
552 4807 666 4872 ambitu
680 4807 754 4872 baec
768 4805 909 4891 inscripta
923 4805 1078 4892 leguntur:
1101 4829 1146 4882 „c
1159 4807 1260 4872 iacobi
1272 4807 1310 4873 de
1322 4804 1510 4872 Banna?

500 4889 538 4974 (²)
566 4889 673 4957 Plures
687 4891 775 4958 vitiae
789 4890 854 4975 ejus
870 4890 1000 4957 nominis
1016 4891 1046 4956 in
1061 4890 1185 4958 diversis
1199 4891 1358 4978 provinciis
1373 4896 1543 4959 occurrunt.
