4878 5942
1073 731 1243 818 -utt'l
1303 782 1349 800 -

395 947 432 1034 in
452 974 554 1035 enno
581 943 815 1050 cadendum,
834 973 906 1065 pro
925 972 1048 1062 porco
1076 957 1115 1034 et
1143 971 1167 1030 a
1225 942 1306 1034 ellis
1333 957 1371 1034 et
1391 944 1496 1050 ouis,
1525 941 1692 1034 sedecim
1713 959 1846 1036 scotos
1875 951 2026 1036 monete

396 1065 542 1154 usualis
571 1063 609 1153 in
629 1065 732 1152 lesto
748 1063 1027 1182 essumpeionis
1053 1060 1165 1152 beate
1229 1064 1310 1152 arie
1338 1061 1447 1150 anuis
1468 1063 1628 1182 singulis
1650 1064 1930 1182 presentebunt.
1961 1064 2025 1152 Ju·
2064 1145 2070 1158 .

379 1181 536 1272 'dicabit
563 1196 688 1270 autem
709 1181 915 1271 scolthetus
936 1195 1128 1297 pretectus
1158 1182 1238 1268 suis'
1258 1210 1344 1269 cum
1365 1182 1531 1299 posteris
1551 1210 1684 1269 omues
1705 1209 1846 1270 causas
1866 1180 2044 1302 parwas¹
2082 1181 2088 1202 '

394 1314 434 1390 et
453 1331 514 1389 ma
546 1329 633 1406 nas,
656 1303 743 1418 jure
764 1297 866 1388 dioto
885 1298 1190 1418 Meydburgensi
1209 1300 1305 1386 inira
1325 1297 1458 1388 limites
1478 1299 1564 1388 ville
1585 1297 1754 1417 predicte
1775 1316 2025 1420 emergentes.

274 1465 278 1476 ·
392 1417 454 1506 De
467 1331 647 1538 judicetis
667 1447 760 1510 vero
781 1416 905 1506 dictus
926 1417 1100 1505 dominus
1118 1415 1315 1506 lohannes
1336 1415 1435 1506 duos
1456 1415 1645 1522 denarios
1667 1433 1705 1506 et
1720 1418 1928 1508 scolthetus
1949 1433 2024 1506 ter-

292 1617 294 1621 ,
394 1537 491 1624 cium
513 1539 590 1626 reci
619 1537 669 1624 iet
699 1534 748 1625 de
769 1565 835 1642 eo,
858 1533 961 1655 quod
983 1533 1156 1623 domiuus
1176 1565 1248 1653 pro
1269 1564 1369 1653 penu
1389 1534 1536 1624 duxerit
1555 1535 1844 1652 acceptandum.
1876 1536 2026 1625 Seruiet

330 1747 332 1752 ,
393 1655 549 1774 insuper
576 1567 702 1742 dictus
730 1653 941 1743 scolthelus
970 1651 1123 1741 domino
1151 1651 1315 1743 Johomi
1344 1654 1501 1774 suisque
1535 1653 1827 1744 successoribus
1857 1655 1893 1742 in
1913 1685 2024 1775 equo

392 1773 495 1861 iuxta
525 1771 835 1862 consuetudinem
855 1787 956 1860 terre
982 1785 1020 1860 et
1032 1773 1099 1889 jus
1130 1769 1456 1976 Mepdburge'ose.
1501 1770 1718 1861 Scolthetus
1738 1774 1857 1861 eciam
1885 1773 1968 1890 ipse
1989 1788 2026 1861 et

393 1892 451 1980 eui
472 1891 616 2010 posteri
643 1919 692 1977 ac
711 1890 835 1978 incole
855 1889 940 1978 ville
960 1890 1079 2008 ipsius
1109 1889 1145 1977 in
1172 1891 1255 2009 ipsa
1285 1890 1322 1978 ui
1349 1919 1372 1978 a
1402 1889 1653 2008 personaliter
1679 1889 1918 1996 residebuntr
1947 1921 2024 1980 nou

392 2009 588 2114 iacientes,
609 2006 817 2096 scoltbetus
837 2006 1055 2113 scoldtecia,
1065 2022 1102 2096 et
1121 2007 1282 2103 villanus
1302 2037 1437 2096 manso
1458 2007 1717 2124 careant'ipso
1745 2009 1859 2096 lecto.
1890 2005 2024 2098 Nullus

392 2509 476 2567 rum
507 2507 777 2569 successorum
806 2494 1036 2596 presumant.
1067 2477 1311 2566 Tenebuntur
1330 2480 1454 2566 incole
1474 2479 1650 2596 predicti,
1684 2478 1866 2597 quilibeti
1895 2511 2024 2570 sorum

393 2595 598 2687 demenso
619 2596 794 2716 quolibet,
816 2594 1017 2684 duodecim
1039 2625 1237 2683 mensuras
1257 2597 1430 2683 irumenti
1451 2597 1488 2684 in
1508 2596 1698 2714 antiquam
1722 2513 2023 2702 Wladislnuiam,

392 2715 453 2804 vel
473 2716 509 2802 in
531 2715 655 2803 locum
676 2745 774 2834 eque
789 2713 989 2804 distantem
1009 2714 1090 2802 suis
1110 2713 1354 2802 ueccionibus
1381 2729 1419 2801 et
1432 2713 1645 2833 sumptibus
1666 2712 1871 2821 deducere3
1887 2729 1925 2802 et
1944 2731 2022 2804 tres
2145 2743 2148 2750 ¹

392 2833 601 2951 peticiones
622 2831 815 2936 exaudire,
835 2835 946 2920 annis
966 2831 1136 2950 singulis,
1156 2832 1232 2920 siut
1250 2832 1403 2920 astricti.
1424 2832 1515 2920 ltem
1532 2830 1739 2922 sooldtelus
1760 2833 1929 2948 promisit
1952 2863 2020 2922 uo·

392 2952 565 3057 minatus,
575 2950 731 3072 quodsi
747 2952 783 3040 in
792 2950 874 3064 (sic)
882 2953 1113 3069 inposterum
1127 2949 1223 3068 plus,
1237 2978 1350 3068 quam
1364 2978 1515 3039 nowem
1531 2951 1652 3038 mansi
1668 2949 1704 3038 in
1716 2947 1925 3039 hereditate
1937 2978 2022 3069 pre-

394 3067 496 3157 dicta
526 3071 800 3172 inuenirentur,
832 3065 1009 3204 quidquid
1038 3067 1135 3156 ultra
1157 3099 1293 3158 nouem
1315 3097 1471 3157 mensos
1492 3081 1750 3166 excresceret,
1779 3067 1932 3156 domino
1952 3098 2023 3186 op·

391 3189 582 3322 propriori
613 3186 793 3293 deberet;
823 3218 855 3274 sr
877 3216 969 3276 uero
989 3188 1112 3275 minus
1140 3199 1263 3292 esset,
1293 3211 1405 3299 quom
1426 3217 1565 3274 nouem
1585 3187 1724 3292 mansi,
1754 3187 1964 3275 scoltbetus
1983 3203 2022 3274 et

390 3304 515 3393 incole
544 3335 615 3424 pro
646 3335 783 3396 nouem
803 3307 944 3395 mansis
967 3303 1086 3421 plenis
1108 3321 1145 3394 et
1163 3305 1321 3424 integris
1340 3304 1605 3422 acceptebunt,
1619 3303 1934 3421 quemadmodnm
1954 3334 2022 3392 ac·

382 3437 600 3540 ,captarunt
639 3423 683 3514 ln
704 3424 811 3513 cuius
832 3425 886 3512 rei
908 3423 1170 3525 testimonium,
1191 3437 1392 3540 presentes
1412 3423 1541 3512 *literas
1561 3423 1633 3512 sibi
1654 3421 1735 3510 dari
1756 3422 1929 3527 ledmus,
1950 3453 2020 3510 no·

297 3547 305 3564 ⁸
391 3555 473 3629 stro
505 3541 588 3652 (sio)
609 3556 646 3630 et
666 3541 818 3662 capituli
845 3544 966 3630 nostri
988 3539 1319 3658 wladyslauiensis
1333 3541 1555 3677 'sigillorum
1583 3541 1783 3628 munimine
1807 3541 2018 3630 roboratos.
2157 3553 2161 3566 '

392 3657 530 3746 Datum
552 3658 1462 3768 Roezens,Vl⁰kalendasmensislebruorir‚anno
1483 3659 1625 3747 domini
1646 3658 1727 3746 ΜΝ
1744 3656 1888 3747 CCC'¹⁰
1911 3660 2019 3770 quin·

391 3779 618 3896 quagesimo
639 3780 769 3896 primo.
785 3779 1032 3868 Prosentibus
1052 3777 1335 3866 honorabilibus
1355 3793 1392 3866 et
1413 3777 1585 3866 discretis
1601 3778 1703 3884 viris,
1724 3775 1895 3869 dominis:
1917 3776 2017 3890 Sby·

393 3893 471 3983 luto
492 3899 705 4014 preposito,
734 3897 910 3986 lobanne
932 3896 1101 4000 decano,
1122 3881 1317 4017 Bogulalo
1337 3896 1563 3996 scolasticm
1594 3893 1786 3982 Stanislao
1808 3891 2016 4006 Archidye·
2115 3961 2117 3968 Α

391 4041 503 4116 cono,
525 4013 726 4104 Borzisloo
744 4031 911 4122 cantore,
930 4013 1308 4119 wladislauiensibus‚
1326 4027 1363 4101 et
1383 4015 1466 4130 alijs
1487 4013 1565 4142 lrde
1585 4012 1710 4130 dignis
1731 4011 1915 4127 personis.

391 2127 514 2215 eciem
534 2125 695 2216 vilanus
715 2125 816 2245 plus,
838 2155 950 2246 pem
960 2157 1085 2214 unum
1106 2155 1277 2216 mausum
1298 2124 1436 2216 ibidem
1457 2126 1646 2214 obtinebit.
1665 2124 1885 2216 Scoltbetus
1905 2127 2025 2216 eciam
2092 2087 2109 2198 i

393 2257 431 2332 et
450 2245 509 2331 sui
530 2245 671 2363 posteri
691 2243 935 2334 scoltbecium
957 2243 1119 2332 eandem
1140 2243 1228 2332 nulli
1249 2243 1438 2344 vendere,
1460 2243 1618 2350 donare,
1640 2243 1825 2365 obligare,
1846 2245 1907 2334 uel
1929 2240 2036 2364 quo·'
2157 2309 2163 2324 .

393 2359 570 2452 ruodouis
591 2363 767 2464 alienare,
789 2365 872 2450 sino
892 2363 1085 2448 uoluntate
1105 2375 1239 2450 nostra
1269 2375 1308 2448 et
1327 2363 1447 2479 ipsius
1466 2355 1652 2450 lobannis
1672 2364 1846 2452 canonici
1876 2377 1914 2451 et
1933 2391 2033 2452 suo·
