4896 5926
1008 757 1282 832 -m-

1089 1053 1204 1168 llbl.

416 1317 1895 1467 summmreomcrmnusopmnom
1956 1289 1963 1301 “

332 1519 622 1594 maturum
642 1521 714 1598 ltu
734 1523 931 1598 naemu
952 1523 1088 1598 &buteo
1110 1524 1195 1600 licto
1217 1524 1393 1616 &ruem
1414 1525 1471 1602 nt
1490 1526 1674 1602 boumb-
1686 1527 1839 1602 rmtmtl
1851 1529 1959 1604 rure·

302 1635 310 1649 ¹
360 1621 487 1694 Lutea
501 1623 632 1714 (tmen)
647 1627 986 1741 nonencoltnortoo
1001 1627 1221 1718 monui,
1241 1625 1385 1718 lpboopt
1396 1627 1665 1703 vtulbtertemts
1678 1631 1872 1724 preeuntem
1885 1633 1931 1720 (¹).

431 1847 473 1937 ln
495 1851 645 1938 nomine
666 1849 825 1970 dominj,
855 1881 975 1940 emen.
1027 1849 1129 1968 Quia
1150 1851 1363 1970 frequenter
1382 1851 1553 1942 humenis
1574 1852 1750 1944 sensibus
1771 1853 1960 1944 iniurietur
2035 1939 2040 1952 ,

332 1965 488 2074 oblivio,
523 1997 571 2056 ec
603 1968 873 2090 longinquitate
905 1991 998 2089 sepe
1029 1967 1070 2058 fit
1102 1969 1304 2088 temporis,
1345 1969 1448 2090 quod
1481 2000 1545 2058 res
1576 1972 1679 2060 olore
1710 1973 1960 2092 presentibus,

331 2083 498 2178 redditur
534 2085 700 2176 obscure
733 2089 882 2194 tuturis,
919 2103 955 2176 et
985 2090 1043 2180 sio
1074 2087 1257 2176 interdum
1293 2087 1423 2176 deeis'e
1458 2087 1699 2207 repullulent,
1735 2093 1962 2180 suscitentur

331 2205 472 2321 sopite,
502 2219 601 2294 etse
630 2205 706 2294 ulto
726 2221 947 2326 resurgunt:
979 2205 1076 2312 ideo,
1102 2203 1290 2302 edversus
1311 2205 1508 2297 oblivionis
1529 2204 1784 2326 dispendium,
1814 2209 1962 2297 ouotele

330 2319 493 2526 providit
513 2235 756 2440 prudentum,
776 2339 816 2412 vt
836 2355 893 2430 ee,
915 2355 988 2442 que
1009 2337 1184 2443 aguntur,
1204 2323 1471 2441 scripturarum
1494 2324 1705 2416 testimonio
1725 2325 1961 2418 roborentur.

351 2437 426 2526 nde
458 2453 532 2542 est,
564 2439 665 2574 quod
697 2469 767 2528 nos
795 2440 1036 2562 Mystiwgius
1066 2440 1126 2528 dei
1152 2441 1286 2560 grecie
1316 2439 1403 2530 llux
1434 2441 1682 2549 Pomorenie,
1717 2457 1844 2532 notum
1874 2475 1963 2534 esse

330 2553 519 2644 wolumus
540 2557 623 2668 (suc)
650 2569 725 2644 tem
753 2557 1011 2674 presentibus,
1038 2587 1149 2676 quem
1176 2557 1307 2644 luturis
1336 2575 1534 2676 presentes
1564 2559 1704 2648 litteres
1727 2561 1961 2680 inspecturis:

333 2669 437 2793 quod
463 2669 648 2760 Sulisleus
669 2671 792 2762 dictus
815 2675 1052 2790 Ceserevyz,
1082 2673 1233 2761 domiuo
1253 2673 1467 2762 Tbecdrico
1489 2677 1672 2763 cononice
1695 2675 1963 2786 Crusviciensi,

359 2792 570 2879 roooretcri
607 2791 834 2881 Pomorenie
870 2791 1094 2880 venerabilis
1126 2793 1244 2909 petris
1278 2789 1417 2878 domiui
1446 2789 1604 2908 Voyslei
1633 2791 1963 2885 Wledislevieusis

331 2821 531 3028 Episcopi,
557 2907 681 2996 uilleru
702 2940 829 3018 suem,
859 2939 934 3030 que
954 2909 1149 3030 wlgeriter
1168 2915 1317 2996 Lnlenz
1338 2906 1394 3022 (²)
1422 2924 1677 3028 nuncupetur,
1706 2910 1874 3004 vendidit
1892 2940 1963 3030 pro

334 3043 439 3116 certe
458 3027 617 3144 pecunie
638 3031 858 3148 quontitate,
879 3028 965 3144 jure
985 3025 1211 3116 hereditario
1232 3043 1415 3144 perpetuo
1437 3024 1723 3146 possidendam,
1751 3057 1835 3115 curn
1856 3029 1964 3150 egris

334 3145 440 3235 cultis
461 3157 498 3232 et
518 3145 673 3252 incultis,
694 3145 807 3252 silvis,
832 3145 950 3266 egris,
977 3146 1176 3266 quercetis,
1231 3146 1332 3250 retis,
1362 3160 1399 3231 et
1419 3145 1498 3232 iure
1519 3144 1700 3263 piscandi,
1727 3175 1795 3234 seu
1817 3146 1964 3235 eleusu-

333 3293 415 3353 rem
434 3260 594 3350 lecieudi
615 3263 652 3350 in
671 3263 796 3369 lluvio,
819 3265 881 3384 qui
904 3261 1146 3350 Gemelnicze
1167 3175 1362 3382 wlgeriter
1382 3263 1602 3380 appelletur,
1622 3291 1671 3350 ec
1691 3292 1776 3350 cum
1792 3264 1965 3352 omnibus

333 3380 565 3484 utilitatibus,
593 3411 667 3500 que
694 3395 799 3489 sunt,
828 3411 876 3469 ec
903 3411 990 3470 esse
1017 3392 1193 3498 poterunt
1212 3379 1249 3466 in
1268 3381 1449 3468 futurum:
1476 3395 1587 3497 prout
1607 3392 1666 3468 est
1687 3380 1772 3469 ville
1793 3380 1965 3499 predicte
2012 3451 2044 3491 .‚

333 3501 523 3622 grenicijs,
543 3499 784 3588 incisionibus
804 3499 993 3604 orborum,
1012 3529 1061 3588 eo
1080 3497 1261 3586 colliculis
1281 3499 1448 3616 plenerie
1469 3499 1631 3586 limitete.
1663 3494 1713 3584 Et
1726 3498 1820 3616 buin
1840 3497 1965 3588 villum
2034 3498 2043 3579 l

213 3633 216 3644 '
332 3617 514 3738 preletern
535 3617 814 3734 prenominatus
835 3615 1021 3728 Sulisleus
1041 3646 1065 3704 e
1085 3617 1204 3706 nobis
1216 3619 1332 3705 tenuit
1350 3646 1399 3704 ec
1419 3615 1609 3734 possedit,
1642 3615 1753 3734 pecijt
1773 3617 1965 3724 instanter,

333 3751 373 3824 ut
392 3735 602 3824 vendicioni
628 3736 727 3822 lecte
755 3765 825 3853 per
853 3765 938 3822 eum
964 3748 1133 3824 nostrum
1162 3765 1390 3824 consensum
1411 3735 1592 3840 tribuere,
1622 3763 1670 3820 ee
1691 3732 1828 3822 dictem
1849 3733 1965 3822 retifi-

335 3883 426 3944 oore
445 3851 704 3943 vendicionem
725 3851 961 3945 deberemus.
1008 3850 1095 3942 Nos
1114 3882 1205 3943 vero
1226 3869 1301 3942 tem
1322 3853 1450 3971 ipsius,
1471 3881 1583 3970 quem
1597 3849 1744 3940 ,domiui
1763 3849 1966 3938 Theodriei
2076 3871 2079 3878 ·

181 3985 187 3998 '
334 3972 466 4094 preleti
487 3971 663 4090 precibus
683 3971 863 4075 inclinati,
893 3969 1153 4060 vendicionem
1174 3971 1334 4058 eandem
1355 3985 1474 4060 retem
1496 3970 1692 4058 babuimus
1713 3983 1749 4056 'et
1771 3967 1965 4072 hebemus,

335 4119 565 4182 eonsensum
579 4102 749 4188 nostrum
765 4090 979 4208 prebentes,
993 4089 1176 4178 berooum
1193 4104 1406 4176 nostrorum
1423 4078 1473 4174 ed
1488 4087 1562 4174 boc
1577 4085 1734 4176 consilio
1747 4081 1966 4174 accedente:

335 4209 540 4296 emmentes
567 4222 605 4294 et
624 4207 777 4296 liberem
805 4205 1010 4296 reddentes
1037 4205 1160 4294 villum
1191 4205 1398 4324 predictem
1426 4205 1476 4292 eb
1504 4201 1677 4292 omnibus
1697 4201 1966 4306 erectionibus,

333 4323 652 4444 presteeiouibus,
681 4324 869 4445 engerijs,
900 4325 1157 4443 preengen'js,
1186 4353 1235 4412 ec
1254 4323 1424 4439 servioijs
1452 4313 1710 4440 quibuslibet,
1726 4332 1765 4406 et
1788 4320 1839 4408 eb
1865 4319 1967 4410 omni

333 4441 564 4532 luridiciooe
593 4441 849 4534 beneficorum
882 4455 1096 4532 nostrorum
1128 4453 1165 4528 et
1187 4453 1339 4549 nostre,
1374 4439 1445 4549 ite,
1476 4453 1674 4530 uteorum
1704 4436 1814 4528 nobis
1842 4453 1880 4528 et
1899 4438 1966 4544 eis,

435 4709 477 4794 (¹)
506 4711 553 4810 Εζ
568 4710 730 4798 πὼοίῃιο
744 4709 976 4778 membreueoeo
995 4709 1134 4776 tabularii
1147 4707 1267 4796 oepitoli
1282 4705 1549 4774 wtnoetnrtome.
1585 4703 1680 4793 Sigilll
1694 4703 1814 4793 obrupti
1829 4711 1968 4792 mperest

298 4795 1258 4984 ·'‘'mli'‘slll'ullll'l'ullbmfnenunum
1271 4875 1663 4964 onouonyugoeemo.
1956 4849 1963 4860 ’
