4984 5930
1132 727 1382 800 ..13-

1175 1023 1334 1138 lllllll.

475 1293 1025 1390 suntnetoettrtactae,
1053 1312 1210 1378 anno
1235 1291 1387 1432 1238
1413 1295 1466 1378 rt.
1492 1291 1575 1382 ao
1599 1317 1670 1378 m.
1698 1295 2038 1380 Nouembris.
2197 1412 2200 1420 μ

439 1499 526 1574 tttre
548 1499 583 1572 ct
604 1481 778 1572 ttamrdm
799 1497 881 1570 tutor
903 1497 1084 1590 episcopan
1105 1495 1318 1590 duodennem
1332 1500 1366 1570 ot
1379 1495 1536 1570 donnum
1556 1495 1746 1572 maneum
1758 1495 1913 1572 -tern'ten'i
1928 1501 2071 1589 uerbo,
2173 1586 2175 1588 ,

963 1616 1019 1690 por
1033 1602 1139 1672 certos
1153 1595 1290 1670 arbitros
1304 1593 1487 1671 diluuntur
1501 1598 1548 1684 (¹).

541 1823 584 1912 ln
613 1821 761 1912 nomine
787 1819 905 1942 patris
932 1832 971 1908 et
994 1819 1058 1909 lilii
1084 1833 1122 1910 et
1146 1819 1298 1942 spiritus
1328 1817 1459 1908 sancti.
1510 1817 1595 1909 Nos
1624 1822 1754 1910 arbitri
1779 1821 1825 1910 P.
1853 1819 2071 1942 Episcopus

439 1941 715 2048 Marouiensis,
740 1937 776 2026 J.
798 1938 931 2027 Abbas
952 1937 1169 2046 Plocensis,
1198 1937 1409 2058 Gregorius
1431 1952 1468 2026 et
1489 1934 1683 2058 Voyzlaus
1703 1941 1839 2030 tratres
1859 1939 2070 2060 predicato·

440 2090 524 2166 res,
550 2057 743 2164 Nicotaus,
764 2055 1006 2161 Godalridus,
1027 2055 1256 2146 Vincenoius
1277 2057 1326 2146 da
1347 2055 1478 2144 ordine
1498 2057 1653 2145 fratrum
1675 2060 1867 2161 minorum,
1887 2057 2071 2148 Nicotaus

441 2178 649 2266 canonicus
668 2175 871 2294 plocensis,
893 2175 1079 2263 communi
1099 2205 1289 2264 consensu
1310 2175 1479 2294 parcium
1498 2173 1606 2264 electi
1625 2177 1662 2262 in
1679 2207 1808 2282 causa,
1856 2207 1902 2262 ue
1918 2177 2073 2266 uertitur

440 2295 536 2384 inter
556 2291 748 2382 dominum
765 2291 997 2428 Episcopum
1019 2293 1282 2381 Cuiauiensem
1303 2307 1340 2384 et
1359 2291 1547 2382 dominum
1570 2291 1618 2380 de
1642 2297 1807 2390 (ideone,
1829 2207 1878 2382 de
1898 2293 2071 2412 dampnis

441 2423 480 2502 et
498 2407 638 2501 iniuriis
659 2409 767 2499 illatis
788 2411 949 2498 ecclesia
964 2407 1274 2512 Wladizlauiensi
1294 2409 1344 2500 ab
1364 2408 1511 2518 eodem,
1531 2409 1660 2502 habito
1677 2409 1835 2501 consilio
1851 2411 2071 2531 sapientum,

441 2543 478 2618 et
496 2528 632 2617 auditis
653 2527 858 2616 rationibus
880 2528 1219 2647 utriusquepartis:
1240 2529 1426 2618 communi
1447 2557 1648 2634 consensu,
1669 2527 1778 2616 telem
1800 2543 1934 2618 contra
1955 2525 2071 2618 dorni

441 2677 528 2735 num
554 2645 602 2734 de
634 2651 790 2734 Gdnnzc
816 2647 1039 2764 proterimus
1065 2647 1306 2736 sentenciam.
1357 2643 1407 2736 Et
1427 2645 1463 2733 in
1484 2647 1612 2766 primis
1632 2647 1859 2766 precipimus
1879 2648 1950 2735 sub
1970 2675 2070 2766 pena

440 2763 726 2882 compromissa,
754 2775 795 2850 ut
814 2763 1018 2852 satisfaciat
1038 2762 1190 2854 domino
1210 2764 1405 2883 Episcopo
1426 2793 1496 2880 pro
1517 2794 1575 2868 co,
1597 2763 1682 2881 quia
1703 2796 1779 2854 non
1799 2765 1967 2883 permisit
1986 2795 2070 2852 eum

439 2883 579 2970 intrare
599 2881 794 2998 dyocesim
815 2910 939 2968 suam:
969 2881 1114 2968 scilicet
1139 2895 1179 2968 ut
1203 2911 1288 2968 eum
1315 2877 1473 2969 amodo
1501 2909 1577 2968 uon
1602 2881 1818 2998 probibeat,
1847 2883 1881 2972 ei
1908 2893 1948 2969 ut
1973 2881 2071 3000 patri

440 3027 590 3088 ornnem
605 2997 814 3086 custodiam
830 2996 1056 3084 adhibendo.
1087 2998 1178 3084 ltem
1194 3000 1430 3118 precipimus,
1453 3010 1492 3084 ut
1511 2997 1811 3114 predicatoribus
1832 2999 1880 3090 de
1904 3005 2070 3102 Gdnnzc,

440 3115 647 3204 secundum
668 3113 770 3234 quod
791 3113 971 3231 promisit,
998 3114 1212 3203 satisfaciat.
1258 3115 1349 3203 Item
1371 3111 1608 3232 precipimus,
1635 3128 1676 3202 ut
1695 3113 1862 3208 decimas
1882 3115 2072 3235 predictos

440 3235 545 3322 istius
578 3234 665 3320 anni
698 3235 733 3320 in
763 3247 841 3320 toto
871 3244 971 3319 terra
1000 3261 1072 3320 sua
1100 3234 1246 3350 integre
1275 3235 1388 3320 saciat
1416 3233 1593 3352 persolui.
1645 3232 1738 3322 Item
1768 3236 1995 3353 precipimus
2021 3231 2073 3322 da

440 3351 596 3439 decimis
616 3379 662 3438 ca
692 3350 762 3437 elle
783 3347 832 3436 de
855 3353 1062 3452 Grodemo,
1093 3365 1147 3455 ut,
1169 3351 1264 3438 sicut
1289 3352 1324 3437 in
1345 3349 1543 3471 priuilegio
1567 3348 1735 3440 eiusdem
1756 3354 1975 3458 continetur,
2001 3351 2072 3440 sibi

440 3499 518 3557 non
537 3381 733 3556 subtrabat
752 3465 859 3574 ullos,
879 3467 940 3554 uel
960 3467 1111 3586 ampliet
1130 3467 1297 3558 redditus
1318 3467 1537 3587 predialium
1557 3466 1797 3558 decimarum.
1836 3469 2072 3588 Pracipimus

314 3657 326 3678 ,
441 3587 611 3703 insuper,
643 3598 682 3671 ut
703 3583 893 3672 decimam
924 3599 1092 3690 monete,
1120 3587 1290 3691 nauium,
1320 3586 1567 3702 judiciorum,
1601 3587 1876 3693 theloneorum,
1907 3585 2071 3674 reddero

441 3717 613 3792 teneatur
640 3700 836 3821 Episcopo
862 3731 945 3807 suo,
971 3703 1072 3790 iuxta
1094 3718 1261 3791 tenorem
1281 3702 1581 3822 priuilegiorum‚
1609 3705 1737 3822 quein
1759 3702 2072 3792 Wladizlaoiensi

442 3819 604 3910 ecclesia
622 3821 866 3908 continentur.
895 3819 986 3908 Item
1003 3819 1186 3929 uolumus,
1207 3836 1247 3907 ut
1262 3821 1406 3907 decime
1419 3820 1501 3932 (sic)
1518 3820 1691 3930 thelonei,
1712 3821 1899 3926 clausuro,
1915 3820 2072 3910 taberne

441 3939 477 4026 in
493 3931 745 4053 Visreprot(²)
766 3935 933 4056 plenarie
953 3938 1024 4025 sibi
1039 3937 1152 4025 leciat
1165 3937 1341 4058 persolui.
1374 3933 1558 4026 Uolumos
1574 3939 1696 4044 etiam,
1716 3949 1757 4026 ut
1776 3933 1959 4026 officiales
1978 3965 2071 4026 suos

439 4053 664 4162 coherceat,
699 4089 747 4143 ne
777 4086 861 4142 eurn
892 4053 1081 4173 inpediant
1108 4053 1296 4143 vendendi
1326 4069 1362 4143 et
1391 4052 1593 4174 colligendi
1622 4056 1789 4144 decimas
1820 4055 1926 4167 (sic).
1977 4055 2071 4142 ltem

440 4173 632 4278 uolumus,
662 4185 702 4260 ut
730 4173 936 4262 libertatem
967 4171 1030 4260 det
1050 4173 1145 4262 villis
1166 4171 1348 4278 ecclesie,
1378 4171 1583 4262 secondum
1613 4172 1714 4294 quod
1743 4173 1905 4262 ecclesia
1933 4173 2071 4262 statuit.

336 4343 347 4366 κ
441 4287 524 4378 Nec
543 4289 715 4394 instituat,
736 4321 808 4380 nec
828 4289 1005 4378 destituat
1017 4287 1258 4398 sacerdotes,
1280 4291 1348 4378 nisi
1369 4319 1453 4378 cum
1474 4320 1664 4378 consensu
1686 4293 1778 4378 eius.
1817 4287 1909 4378 ltem
1930 4317 2071 4381 causas

302 4499 315 4526 .
436 4407 731 4498 matrimoniales
750 4437 828 4498 nou
846 4407 1004 4513 iudicet,
1033 4425 1069 4496 et
1086 4437 1230 4498 uxores
1250 4439 1321 4527 pro
1351 4409 1494 4498 delictis
1515 4409 1730 4498 maritorum
1752 4437 1826 4496 non
1847 4407 1995 4525 puniat,
2021 4422 2071 4512 ct,

541 4674 582 4760 (¹)
610 4673 656 4740 Er
678 4673 838 4762 archetypo
854 4673 893 4773 ,in
914 4673 1063 4740 tabulario
1087 4674 1230 4742 ecclesiae
1255 4673 1494 4740 Vladistavicnsis
1519 4681 1674 4741 essemato
1695 4673 1886 4760 descriptum.
1925 4673 2070 4761 Quinque

271 4793 283 4802 -
440 4765 527 4830 mut
540 4757 677 4826 monialis
688 4757 1347 4848 pergamenrseppensubuictabutcerigittcr
1361 4757 1691 4847 quorrmrduoretique
1701 4757 1820 4844 penibu
1830 4757 2070 4825 runtdectmcta.

542 4843 582 4928 l’l
619 4844 810 4933 thttltl
