<?xml version="1.0" encoding="UTF-8"?>
<!DOCTYPE html PUBLIC "-//W3C//DTD XHTML 1.0 Transitional//EN"
    "http://www.w3.org/TR/xhtml1/DTD/xhtml1-transitional.dtd">
<html xmlns="http://www.w3.org/1999/xhtml" xml:lang="en" lang="en">
 <head>
  <title>
</title>
<meta http-equiv="Content-Type" content="text/html;charset=utf-8" />
  <meta name='ocr-system' content='tesseract 3.04.00' />
  <meta name='ocr-capabilities' content='ocr_page ocr_carea ocr_par ocr_line ocrx_word'/>
</head>
<body>
  <div class='ocr_page' id='page_1' title='image "./codexdiplomatic01bartgoog_0507.png"; bbox 0 0 4926 5940; ppageno 0'>
   <div class='ocr_carea' id='block_1_1' title="bbox 942 657 1331 799">
    <p class='ocr_par' dir='ltr' id='par_1_1' title="bbox 942 657 1331 799">
     <span class='ocr_line' id='line_1_1' title="bbox 942 657 1331 799; baseline 0.01 -3"><span class='ocrx_word' id='word_1_1' title='bbox 942 657 1331 799; x_wconf 59' lang='lat' dir='ltr'><strong>⁸-rc1-</strong></span> 
     </span>
    </p>
   </div>
   <div class='ocr_carea' id='block_1_2' title="bbox 268 923 2132 4948">
    <p class='ocr_par' dir='ltr' id='par_1_2' title="bbox 268 923 2132 4948">
     <span class='ocr_line' id='line_1_2' title="bbox 381 923 2008 1048; baseline 0.002 -28"><span class='ocrx_word' id='word_1_2' title='bbox 381 931 557 1021; x_wconf 86' lang='lat' dir='ltr'><strong>siastieas</strong></span> <span class='ocrx_word' id='word_1_3' title='bbox 576 944 616 1017; x_wconf 84' lang='lat' dir='ltr'><strong>et</strong></span> <span class='ocrx_word' id='word_1_4' title='bbox 634 928 824 1044; x_wconf 83' lang='lat' dir='ltr'><strong>alia&#39;juris·</strong></span> <span class='ocrx_word' id='word_1_5' title='bbox 839 923 1017 1032; x_wconf 79' lang='lat' dir='ltr'><strong>remedia,</strong></span> <span class='ocrx_word' id='word_1_6' title='bbox 1035 925 1165 1014; x_wconf 77' lang='lat' dir='ltr'><strong>‘debite</strong></span> <span class='ocrx_word' id='word_1_7' title='bbox 1183 938 1222 1038; x_wconf 84' lang='lat' dir='ltr'><strong>at</strong></span> <span class='ocrx_word' id='word_1_8' title='bbox 1242 926 1409 1046; x_wconf 89' lang='lat' dir='ltr'><strong>plenarie</strong></span> <span class='ocrx_word' id='word_1_9' title='bbox 1430 933 1655 1041; x_wconf 77' lang='lat' dir='ltr'><strong>exequatur,</strong></span> <span class='ocrx_word' id='word_1_10' title='bbox 1671 933 1883 1048; x_wconf 84' lang='lat' dir='ltr'><strong>premissis</strong></span> <span class='ocrx_word' id='word_1_11' title='bbox 1917 962 2008 1024; x_wconf 88' lang='lat' dir='ltr'><strong>con·</strong></span> 
     </span>
     <span class='ocr_line' id='line_1_3' title="bbox 380 1043 2008 1164; baseline -0.001 -24"><span class='ocrx_word' id='word_1_12' title='bbox 380 1047 637 1140; x_wconf 87' lang='lat' dir='ltr'><strong>stituoionibua</strong></span> <span class='ocrx_word' id='word_1_13' title='bbox 657 1043 890 1164; x_wconf 86' lang='lat' dir='ltr'><strong>apostolicis,</strong></span> <span class='ocrx_word' id='word_1_14' title='bbox 909 1047 1008 1132; x_wconf 82' lang='lat' dir='ltr'><strong>statu</strong></span> <span class='ocrx_word' id='word_1_15' title='bbox 1028 1073 1231 1132; x_wconf 87' lang='lat' dir='ltr'><strong>causarum</strong></span> <span class='ocrx_word' id='word_1_16' title='bbox 1260 1045 1482 1150; x_wconf 87' lang='lat' dir='ltr'><strong>huiusmodi,</strong></span> <span class='ocrx_word' id='word_1_17' title='bbox 1504 1049 1539 1133; x_wconf 91' lang='lat' dir='ltr'><strong>in</strong></span> <span class='ocrx_word' id='word_1_18' title='bbox 1562 1047 1697 1162; x_wconf 87' lang='lat' dir='ltr'><strong>quibus</strong></span> <span class='ocrx_word' id='word_1_19' title='bbox 1720 1080 1746 1136; x_wconf 88' lang='lat' dir='ltr'><strong>a</strong></span> <span class='ocrx_word' id='word_1_20' title='bbox 1768 1051 2008 1140; x_wconf 85' lang='lat' dir='ltr'><strong>decretore-</strong></span> 
     </span>
     <span class='ocr_line' id='line_1_4' title="bbox 379 1160 2008 1287; baseline 0.001 -31"><span class='ocrx_word' id='word_1_21' title='bbox 379 1167 569 1256; x_wconf 90' lang='lat' dir='ltr'><strong>missionis</strong></span> <span class='ocrx_word' id='word_1_22' title='bbox 598 1163 825 1283; x_wconf 81' lang='lat' dir='ltr'><strong>perdicturn</strong></span> <span class='ocrx_word' id='word_1_23' title='bbox 850 1160 1039 1250; x_wconf 76' lang='lat' dir='ltr'><strong>dominura</strong></span> <span class='ocrx_word' id='word_1_24' title='bbox 1063 1163 1326 1252; x_wconf 74' lang='lat' dir='ltr'><strong>Gemmanntn</strong></span> <span class='ocrx_word' id='word_1_25' title='bbox 1354 1163 1404 1250; x_wconf 94' lang='lat' dir='ltr'><strong>ad</strong></span> <span class='ocrx_word' id='word_1_26' title='bbox 1434 1167 1655 1256; x_wconf 71' lang='lat' dir='ltr'><strong>instanciam</strong></span> <span class='ocrx_word' id='word_1_27' title='bbox 1676 1166 1763 1255; x_wconf 90' lang='lat' dir='ltr'><strong>dicti</strong></span> <span class='ocrx_word' id='word_1_28' title='bbox 1786 1168 1888 1287; x_wconf 90' lang='lat' dir='ltr'><strong>opidi</strong></span> <span class='ocrx_word' id='word_1_29' title='bbox 1909 1171 2008 1258; x_wconf 89' lang='lat' dir='ltr'><strong>lacto</strong></span> 
     </span>
     <span class='ocr_line' id='line_1_5' title="bbox 378 1281 2008 1408; baseline -0.006 -34"><span class='ocrx_word' id='word_1_30' title='bbox 378 1287 515 1408; x_wconf 72' lang='lat' dir='ltr'><strong>primos</strong></span> <span class='ocrx_word' id='word_1_31' title='bbox 548 1284 599 1372; x_wconf 87' lang='lat' dir='ltr'><strong>Et</strong></span> <span class='ocrx_word' id='word_1_32' title='bbox 617 1285 704 1400; x_wconf 89' lang='lat' dir='ltr'><strong>quia</strong></span> <span class='ocrx_word' id='word_1_33' title='bbox 725 1281 912 1400; x_wconf 83' lang='lat' dir='ltr'><strong>pendente</strong></span> <span class='ocrx_word' id='word_1_34' title='bbox 932 1285 1089 1370; x_wconf 89' lang='lat' dir='ltr'><strong>termino</strong></span> <span class='ocrx_word' id='word_1_35' title='bbox 1119 1281 1392 1401; x_wconf 80' lang='lat' dir='ltr'><strong>Apostolorum</strong></span> <span class='ocrx_word' id='word_1_36' title='bbox 1428 1283 1707 1400; x_wconf 72' lang='lat' dir='ltr'>procedebatur</span> <span class='ocrx_word' id='word_1_37' title='bbox 1736 1287 2008 1405; x_wconf 56' lang='lat' dir='ltr'><strong>secundom</strong></span> 
     </span>
     <span class='ocr_line' id='line_1_6' title="bbox 379 1400 2008 1524; baseline 0 -31"><span class='ocrx_word' id='word_1_38' title='bbox 379 1421 486 1524; x_wconf 88' lang='lat' dir='ltr'><strong>parte</strong></span> <span class='ocrx_word' id='word_1_39' title='bbox 505 1404 608 1492; x_wconf 85' lang='lat' dir='ltr'><strong>dieta</strong></span> <span class='ocrx_word' id='word_1_40' title='bbox 624 1401 790 1490; x_wconf 79' lang='lat' dir='ltr'><strong>ecclesie</strong></span> <span class='ocrx_word' id='word_1_41' title='bbox 809 1400 1055 1516; x_wconf 67' lang='lat' dir='ltr'><strong>appellatum,</strong></span> <span class='ocrx_word' id='word_1_42' title='bbox 1087 1415 1126 1486; x_wconf 89' lang='lat' dir='ltr'><strong>et</strong></span> <span class='ocrx_word' id='word_1_43' title='bbox 1144 1429 1262 1520; x_wconf 87' lang='lat' dir='ltr'><strong>super</strong></span> <span class='ocrx_word' id='word_1_44' title='bbox 1282 1402 1399 1518; x_wconf 91' lang='lat' dir='ltr'><strong>prima</strong></span> <span class='ocrx_word' id='word_1_45' title='bbox 1428 1400 1662 1518; x_wconf 67' lang='lat' dir='ltr'><strong>apellatione</strong></span> <span class='ocrx_word' id='word_1_46' title='bbox 1682 1407 1871 1524; x_wconf 87' lang='lat' dir='ltr'><strong>reposicio</strong></span> <span class='ocrx_word' id='word_1_47' title='bbox 1896 1408 2008 1512; x_wconf 74' lang='lat' dir='ltr'><strong>laem,</strong></span> 
     </span>
     <span class='ocr_line' id='line_1_7' title="bbox 364 1517 2119 1642; baseline -0.001 -30"><span class='ocrx_word' id='word_1_48' title='bbox 364 1525 498 1614; x_wconf 79' lang='lat' dir='ltr'><strong>eciam</strong></span> <span class='ocrx_word' id='word_1_49' title='bbox 519 1523 551 1611; x_wconf 91' lang='lat' dir='ltr'><strong>si</strong></span> <span class='ocrx_word' id='word_1_50' title='bbox 572 1521 621 1608; x_wconf 90' lang='lat' dir='ltr'><strong>ab</strong></span> <span class='ocrx_word' id='word_1_51' title='bbox 640 1519 702 1606; x_wconf 87' lang='lat' dir='ltr'><strong>illa</strong></span> <span class='ocrx_word' id='word_1_52' title='bbox 723 1519 960 1636; x_wconf 89' lang='lat' dir='ltr'><strong>reposicione</strong></span> <span class='ocrx_word' id='word_1_53' title='bbox 976 1547 1024 1606; x_wconf 85' lang='lat' dir='ltr'><strong>ex</strong></span> <span class='ocrx_word' id='word_1_54' title='bbox 1044 1517 1211 1608; x_wconf 87' lang='lat' dir='ltr'><strong>adverso</strong></span> <span class='ocrx_word' id='word_1_55' title='bbox 1230 1521 1457 1638; x_wconf 88' lang='lat' dir='ltr'><strong>appellatum</strong></span> <span class='ocrx_word' id='word_1_56' title='bbox 1478 1523 1636 1627; x_wconf 81' lang='lat' dir='ltr'><strong>existat,</strong></span> <span class='ocrx_word' id='word_1_57' title='bbox 1669 1525 1791 1610; x_wconf 89' lang='lat' dir='ltr'><strong>eciam</strong></span> <span class='ocrx_word' id='word_1_58' title='bbox 1822 1527 1853 1612; x_wconf 92' lang='lat' dir='ltr'><strong>si</strong></span> <span class='ocrx_word' id='word_1_59' title='bbox 1884 1525 2008 1642; x_wconf 88' lang='lat' dir='ltr'><strong>alique</strong></span> <span class='ocrx_word' id='word_1_60' title='bbox 2117 1517 2119 1524; x_wconf 70' lang='grc'><strong>’</strong></span> 
     </span>
     <span class='ocr_line' id='line_1_8' title="bbox 377 1634 2007 1762; baseline -0.002 -30"><span class='ocrx_word' id='word_1_61' title='bbox 377 1645 450 1732; x_wconf 89' lang='lat' dir='ltr'><strong>alie</strong></span> <span class='ocrx_word' id='word_1_62' title='bbox 470 1639 753 1759; x_wconf 86' lang='lat' dir='ltr'><strong>appellaciones</strong></span> <span class='ocrx_word' id='word_1_63' title='bbox 772 1667 842 1754; x_wconf 89' lang='lat' dir='ltr'><strong>per</strong></span> <span class='ocrx_word' id='word_1_64' title='bbox 862 1634 984 1724; x_wconf 85' lang='lat' dir='ltr'><strong>dietas</strong></span> <span class='ocrx_word' id='word_1_65' title='bbox 1005 1649 1136 1762; x_wconf 90' lang='lat' dir='ltr'><strong>partas</strong></span> <span class='ocrx_word' id='word_1_66' title='bbox 1153 1652 1219 1725; x_wconf 90' lang='lat' dir='ltr'><strong>aut</strong></span> <span class='ocrx_word' id='word_1_67' title='bbox 1239 1667 1366 1726; x_wconf 76' lang='lat' dir='ltr'><strong>cariem</strong></span> <span class='ocrx_word' id='word_1_68' title='bbox 1387 1637 1543 1726; x_wconf 85' lang='lat' dir='ltr'><strong>alteram</strong></span> <span class='ocrx_word' id='word_1_69' title='bbox 1565 1642 1639 1726; x_wconf 91' lang='lat' dir='ltr'><strong>inte</strong></span> <span class='ocrx_word' id='word_1_70' title='bbox 1688 1645 1784 1730; x_wconf 85' lang='lat' dir='ltr'><strong>osite</strong></span> <span class='ocrx_word' id='word_1_71' title='bbox 1805 1660 1842 1732; x_wconf 88' lang='lat' dir='ltr'><strong>et</strong></span> <span class='ocrx_word' id='word_1_72' title='bbox 1861 1642 2007 1732; x_wconf 85' lang='lat' dir='ltr'><strong>termini</strong></span> 
     </span>
     <span class='ocr_line' id='line_1_9' title="bbox 377 1753 2006 1881; baseline -0.003 -31"><span class='ocrx_word' id='word_1_73' title='bbox 377 1789 448 1880; x_wconf 87' lang='lat' dir='ltr'><strong>pro</strong></span> <span class='ocrx_word' id='word_1_74' title='bbox 484 1757 682 1878; x_wconf 86' lang='lat' dir='ltr'><strong>Apostolis</strong></span> <span class='ocrx_word' id='word_1_75' title='bbox 722 1753 859 1842; x_wconf 84' lang='lat' dir='ltr'><strong>dandis¹</strong></span> <span class='ocrx_word' id='word_1_76' title='bbox 887 1753 1077 1870; x_wconf 73' lang='lat' dir='ltr'><strong>pendeant</strong></span> <span class='ocrx_word' id='word_1_77' title='bbox 1106 1755 1167 1848; x_wconf 84' lang='lat' dir='ltr'><strong>vel</strong></span> <span class='ocrx_word' id='word_1_78' title='bbox 1197 1756 1492 1874; x_wconf 86' lang='lat' dir='ltr'><strong>qualescumque</strong></span> <span class='ocrx_word' id='word_1_79' title='bbox 1521 1762 1683 1874; x_wconf 85' lang='lat' dir='ltr'><strong>apostol</strong></span> <span class='ocrx_word' id='word_1_80' title='bbox 1716 1762 1899 1881; x_wconf 81' lang='lat' dir='ltr'><strong>assignati</strong></span> <span class='ocrx_word' id='word_1_81' title='bbox 1930 1761 2006 1847; x_wconf 81' lang='lat' dir='ltr'><strong>axi·</strong></span> 
     </span>
     <span class='ocr_line' id='line_1_10' title="bbox 377 1873 2082 2014; baseline -0.004 -45"><span class='ocrx_word' id='word_1_82' title='bbox 377 1895 497 1969; x_wconf 88' lang='lat' dir='ltr'><strong>stant:</strong></span> <span class='ocrx_word' id='word_1_83' title='bbox 519 1903 678 2014; x_wconf 80' lang='lat' dir='ltr'><strong>quorum</strong></span> <span class='ocrx_word' id='word_1_84' title='bbox 699 1874 862 1962; x_wconf 90' lang='lat' dir='ltr'><strong>omnium</strong></span> <span class='ocrx_word' id='word_1_85' title='bbox 883 1889 1005 1961; x_wconf 88' lang='lat' dir='ltr'><strong>status</strong></span> <span class='ocrx_word' id='word_1_86' title='bbox 1023 1889 1060 1960; x_wconf 90' lang='lat' dir='ltr'><strong>et</strong></span> <span class='ocrx_word' id='word_1_87' title='bbox 1075 1890 1228 1962; x_wconf 76' lang='lat' dir='ltr'><strong>tenores</strong></span> <span class='ocrx_word' id='word_1_88' title='bbox 1246 1873 1307 1966; x_wconf 91' lang='lat' dir='ltr'><strong>bie</strong></span> <span class='ocrx_word' id='word_1_89' title='bbox 1327 1876 1512 1963; x_wconf 85' lang='lat' dir='ltr'><strong>habentur</strong></span> <span class='ocrx_word' id='word_1_90' title='bbox 1533 1905 1603 1993; x_wconf 76' lang='lat' dir='ltr'><strong>pro</strong></span> <span class='ocrx_word' id='word_1_91' title='bbox 1624 1881 1826 1996; x_wconf 82' lang='lat' dir='ltr'><strong>expressis.</strong></span> <span class='ocrx_word' id='word_1_92' title='bbox 1856 1880 1917 1968; x_wconf 84' lang='lat' dir='ltr'><strong>Ac</strong></span> <span class='ocrx_word' id='word_1_93' title='bbox 1937 1877 2007 1994; x_wconf 87' lang='lat' dir='ltr'><strong>hijs</strong></span> <span class='ocrx_word' id='word_1_94' title='bbox 2075 1901 2082 1917; x_wconf 75' lang='lat'><strong>¹</strong></span> 
     </span>
     <span class='ocr_line' id='line_1_11' title="bbox 377 1991 2006 2114; baseline -0.003 -28"><span class='ocrx_word' id='word_1_95' title='bbox 377 1993 415 2088; x_wconf 83' lang='lat' dir='ltr'><strong>et</strong></span> <span class='ocrx_word' id='word_1_96' title='bbox 430 1997 513 2114; x_wconf 85' lang='lat' dir='ltr'><strong>alijs</strong></span> <span class='ocrx_word' id='word_1_97' title='bbox 526 2025 569 2084; x_wconf 89' lang='lat' dir='ltr'><strong>m</strong></span> <span class='ocrx_word' id='word_1_98' title='bbox 590 1995 817 2079; x_wconf 86' lang='lat' dir='ltr'><strong>contrarium</strong></span> <span class='ocrx_word' id='word_1_99' title='bbox 836 1993 1058 2080; x_wconf 77' lang='lat' dir='ltr'><strong>facientibus</strong></span> <span class='ocrx_word' id='word_1_100' title='bbox 1078 1991 1406 2082; x_wconf 89' lang='lat' dir='ltr'><strong>nonobstantibus</strong></span> <span class='ocrx_word' id='word_1_101' title='bbox 1427 1995 1734 2113; x_wconf 84' lang='lat' dir='ltr'><strong>quibuscumque,</strong></span> <span class='ocrx_word' id='word_1_102' title='bbox 1755 2011 1908 2103; x_wconf 88' lang='lat' dir='ltr'><strong>attento,</strong></span> <span class='ocrx_word' id='word_1_103' title='bbox 1929 1996 2006 2081; x_wconf 89' lang='lat' dir='ltr'><strong>Pa—</strong></span> 
     </span>
     <span class='ocr_line' id='line_1_12' title="bbox 377 2107 2123 2234; baseline -0.003 -30"><span class='ocrx_word' id='word_1_104' title='bbox 377 2131 435 2204; x_wconf 93' lang='lat' dir='ltr'><strong>ter</strong></span> <span class='ocrx_word' id='word_1_105' title='bbox 455 2129 599 2212; x_wconf 88' lang='lat' dir='ltr'><strong>sancta,</strong></span> <span class='ocrx_word' id='word_1_106' title='bbox 619 2111 724 2232; x_wconf 84' lang='lat' dir='ltr'><strong>quod</strong></span> <span class='ocrx_word' id='word_1_107' title='bbox 745 2107 1238 2226; x_wconf 70' lang='lat' dir='ltr'><strong>sepissime&#39;lmparatores,</strong></span> <span class='ocrx_word' id='word_1_108' title='bbox 1257 2109 1395 2232; x_wconf 77' lang='lat' dir='ltr'><strong>Reges</strong></span> <span class='ocrx_word' id='word_1_109' title='bbox 1416 2128 1453 2200; x_wconf 90' lang='lat' dir='ltr'><strong>et</strong></span> <span class='ocrx_word' id='word_1_110' title='bbox 1474 2112 1610 2200; x_wconf 91' lang='lat' dir='ltr'><strong>domini</strong></span> <span class='ocrx_word' id='word_1_111' title='bbox 1633 2117 1862 2234; x_wconf 89' lang='lat' dir='ltr'><strong>temporales</strong></span> <span class='ocrx_word' id='word_1_112' title='bbox 1881 2131 1920 2202; x_wconf 91' lang='lat' dir='ltr'><strong>at</strong></span> <span class='ocrx_word' id='word_1_113' title='bbox 1939 2141 2006 2199; x_wconf 84' lang='lat' dir='ltr'><strong>cc-</strong></span> <span class='ocrx_word' id='word_1_114' title='bbox 2032 2155 2036 2163; x_wconf 93' lang='lat'>·</span> <span class='ocrx_word' id='word_1_115' title='bbox 2116 2173 2123 2184; x_wconf 89' lang='lat'>-</span> 
     </span>
     <span class='ocr_line' id='line_1_13' title="bbox 377 2227 2007 2350; baseline -0.001 -30"><span class='ocrx_word' id='word_1_116' title='bbox 377 2262 457 2322; x_wconf 88' lang='lat' dir='ltr'><strong>rum</strong></span> <span class='ocrx_word' id='word_1_117' title='bbox 479 2231 587 2350; x_wconf 78' lang='lat' dir='ltr'><strong>leges</strong></span> <span class='ocrx_word' id='word_1_118' title='bbox 609 2245 647 2318; x_wconf 91' lang='lat' dir='ltr'><strong>et</strong></span> <span class='ocrx_word' id='word_1_119' title='bbox 667 2230 960 2320; x_wconf 79' lang='lat' dir='ltr'><strong>constitutiones</strong></span> <span class='ocrx_word' id='word_1_120' title='bbox 981 2230 1223 2350; x_wconf 79' lang='lat' dir='ltr'><strong>privilegiant</strong></span> <span class='ocrx_word' id='word_1_121' title='bbox 1238 2227 1424 2318; x_wconf 87' lang='lat' dir='ltr'><strong>ecclesias</strong></span> <span class='ocrx_word' id='word_1_122' title='bbox 1441 2232 1534 2318; x_wconf 83' lang='lat' dir='ltr'><strong>ultra</strong></span> <span class='ocrx_word' id='word_1_123' title='bbox 1556 2231 1692 2336; x_wconf 89' lang='lat' dir='ltr'><strong>laicos,</strong></span> <span class='ocrx_word' id='word_1_124' title='bbox 1724 2231 2007 2350; x_wconf 77' lang='lat' dir='ltr'><strong>quantomagis</strong></span> 
     </span>
     <span class='ocr_line' id='line_1_14' title="bbox 375 2349 2105 2468; baseline -0.002 -29"><span class='ocrx_word' id='word_1_125' title='bbox 375 2353 558 2440; x_wconf 77' lang='lat' dir='ltr'><strong>sanctitas</strong></span> <span class='ocrx_word' id='word_1_126' title='bbox 578 2363 717 2451; x_wconf 88' lang='lat' dir='ltr'><strong>vestra,</strong></span> <span class='ocrx_word' id='word_1_127' title='bbox 791 2376 812 2430; x_wconf 90' lang='lat' dir='ltr'><strong>a</strong></span> <span class='ocrx_word' id='word_1_128' title='bbox 835 2360 895 2434; x_wconf 89' lang='lat' dir='ltr'><strong>est</strong></span> <span class='ocrx_word' id='word_1_129' title='bbox 909 2357 1024 2460; x_wconf 87' lang='lat' dir='ltr'><strong>eaput</strong></span> <span class='ocrx_word' id='word_1_130' title='bbox 1038 2349 1283 2433; x_wconf 84' lang='lat' dir='ltr'><strong>ecclesiarum</strong></span> <span class='ocrx_word' id='word_1_131' title='bbox 1299 2349 1335 2432; x_wconf 94' lang='lat' dir='ltr'><strong>in</strong></span> <span class='ocrx_word' id='word_1_132' title='bbox 1352 2351 1472 2453; x_wconf 86' lang='lat' dir='ltr'><strong>terris,</strong></span> <span class='ocrx_word' id='word_1_133' title='bbox 1492 2363 1530 2433; x_wconf 93' lang='lat' dir='ltr'><strong>et</strong></span> <span class='ocrx_word' id='word_1_134' title='bbox 1550 2350 1582 2434; x_wconf 93' lang='lat' dir='ltr'><strong>si</strong></span> <span class='ocrx_word' id='word_1_135' title='bbox 1598 2379 1674 2436; x_wconf 91' lang='lat' dir='ltr'><strong>non</strong></span> <span class='ocrx_word' id='word_1_136' title='bbox 1688 2352 1776 2438; x_wconf 87' lang='lat' dir='ltr'><strong>velit</strong></span> <span class='ocrx_word' id='word_1_137' title='bbox 1791 2350 2007 2468; x_wconf 81' lang='lat' dir='ltr'><strong>privilegia·</strong></span> <span class='ocrx_word' id='word_1_138' title='bbox 2101 2377 2105 2388; x_wconf 92' lang='grc'><strong><em>·</em></strong></span> 
     </span>
     <span class='ocr_line' id='line_1_15' title="bbox 376 2461 2059 2584; baseline -0.003 -25"><span class='ocrx_word' id='word_1_139' title='bbox 376 2499 420 2559; x_wconf 91' lang='lat' dir='ltr'><strong>re</strong></span> <span class='ocrx_word' id='word_1_140' title='bbox 440 2467 642 2557; x_wconf 87' lang='lat' dir='ltr'><strong>ecclesiam</strong></span> <span class='ocrx_word' id='word_1_141' title='bbox 661 2465 723 2554; x_wconf 90' lang='lat' dir='ltr'><strong>vel</strong></span> <span class='ocrx_word' id='word_1_142' title='bbox 744 2465 792 2548; x_wconf 88' lang='lat' dir='ltr'><strong>ili</strong></span> <span class='ocrx_word' id='word_1_143' title='bbox 814 2461 906 2550; x_wconf 89' lang='lat' dir='ltr'><strong>dara</strong></span> <span class='ocrx_word' id='word_1_144' title='bbox 925 2461 1093 2550; x_wconf 84' lang='lat' dir='ltr'><strong>levorem</strong></span> <span class='ocrx_word' id='word_1_145' title='bbox 1114 2463 1208 2571; x_wconf 83' lang='lat' dir='ltr'><strong>ultra</strong></span> <span class='ocrx_word' id='word_1_146' title='bbox 1223 2466 1289 2581; x_wconf 90' lang='lat' dir='ltr'><strong>jus</strong></span> <span class='ocrx_word' id='word_1_147' title='bbox 1311 2491 1482 2570; x_wconf 83' lang='lat' dir='ltr'><strong>comune,</strong></span> <span class='ocrx_word' id='word_1_148' title='bbox 1509 2463 1642 2548; x_wconf 86' lang='lat' dir='ltr'><strong>saltem</strong></span> <span class='ocrx_word' id='word_1_149' title='bbox 1664 2483 1866 2554; x_wconf 86' lang='lat' dir='ltr'><strong>conservet</strong></span> <span class='ocrx_word' id='word_1_150' title='bbox 1886 2469 2014 2584; x_wconf 87' lang='lat' dir='ltr'><strong>ipsam</strong></span> <span class='ocrx_word' id='word_1_151' title='bbox 2055 2549 2059 2556; x_wconf 86' lang='lat'>.</span> 
     </span>
     <span class='ocr_line' id='line_1_16' title="bbox 376 2579 2005 2699; baseline -0.004 -23"><span class='ocrx_word' id='word_1_152' title='bbox 376 2586 576 2676; x_wconf 89' lang='lat' dir='ltr'><strong>ecclesiam</strong></span> <span class='ocrx_word' id='word_1_153' title='bbox 606 2586 642 2671; x_wconf 92' lang='lat' dir='ltr'><strong>in</strong></span> <span class='ocrx_word' id='word_1_154' title='bbox 666 2584 754 2698; x_wconf 83' lang='lat' dir='ltr'><strong>jure</strong></span> <span class='ocrx_word' id='word_1_155' title='bbox 774 2581 923 2668; x_wconf 89' lang='lat' dir='ltr'><strong>comuni</strong></span> <span class='ocrx_word' id='word_1_156' title='bbox 944 2594 983 2666; x_wconf 89' lang='lat' dir='ltr'><strong>et</strong></span> <span class='ocrx_word' id='word_1_157' title='bbox 1001 2582 1051 2669; x_wconf 91' lang='lat' dir='ltr'><strong>ad</strong></span> <span class='ocrx_word' id='word_1_158' title='bbox 1074 2579 1161 2668; x_wconf 90' lang='lat' dir='ltr'><strong>illud</strong></span> <span class='ocrx_word' id='word_1_159' title='bbox 1176 2583 1243 2699; x_wconf 89' lang='lat' dir='ltr'><strong>jus</strong></span> <span class='ocrx_word' id='word_1_160' title='bbox 1264 2609 1424 2670; x_wconf 70' lang='lat' dir='ltr'><strong>canuno</strong></span> <span class='ocrx_word' id='word_1_161' title='bbox 1445 2584 1566 2699; x_wconf 92' lang='lat' dir='ltr'><strong>ipsam</strong></span> <span class='ocrx_word' id='word_1_162' title='bbox 1587 2582 1764 2688; x_wconf 83' lang='lat' dir='ltr'><strong>redueat,</strong></span> <span class='ocrx_word' id='word_1_163' title='bbox 1796 2597 1835 2669; x_wconf 92' lang='lat' dir='ltr'><strong>et</strong></span> <span class='ocrx_word' id='word_1_164' title='bbox 1855 2581 1903 2668; x_wconf 87' lang='lat' dir='ltr'><strong>dc</strong></span> <span class='ocrx_word' id='word_1_165' title='bbox 1931 2583 2005 2670; x_wconf 89' lang='lat' dir='ltr'><strong>lroe</strong></span> 
     </span>
     <span class='ocr_line' id='line_1_17' title="bbox 375 2696 2007 2821; baseline -0.003 -27"><span class='ocrx_word' id='word_1_166' title='bbox 375 2707 460 2796; x_wconf 92' lang='lat' dir='ltr'><strong>laici</strong></span> <span class='ocrx_word' id='word_1_167' title='bbox 489 2701 697 2819; x_wconf 87' lang='lat' dir='ltr'><strong>adversarij</strong></span> <span class='ocrx_word' id='word_1_168' title='bbox 730 2701 862 2790; x_wconf 91' lang='lat' dir='ltr'><strong>merito</strong></span> <span class='ocrx_word' id='word_1_169' title='bbox 892 2696 1074 2819; x_wconf 89' lang='lat' dir='ltr'><strong>conquerj</strong></span> <span class='ocrx_word' id='word_1_170' title='bbox 1106 2729 1182 2788; x_wconf 93' lang='lat' dir='ltr'><strong>non</strong></span> <span class='ocrx_word' id='word_1_171' title='bbox 1211 2713 1405 2821; x_wconf 84' lang='lat' dir='ltr'><strong>poterunt,</strong></span> <span class='ocrx_word' id='word_1_172' title='bbox 1436 2703 1469 2790; x_wconf 90' lang='lat' dir='ltr'><strong>si</strong></span> <span class='ocrx_word' id='word_1_173' title='bbox 1489 2701 1670 2787; x_wconf 88' lang='lat' dir='ltr'><strong>sanctitas</strong></span> <span class='ocrx_word' id='word_1_174' title='bbox 1691 2715 1818 2790; x_wconf 88' lang='lat' dir='ltr'><strong>vestra</strong></span> <span class='ocrx_word' id='word_1_175' title='bbox 1845 2727 1922 2787; x_wconf 91' lang='lat' dir='ltr'><strong>non</strong></span> <span class='ocrx_word' id='word_1_176' title='bbox 1941 2699 2007 2790; x_wconf 89' lang='lat' dir='ltr'><strong>dat</strong></span> 
     </span>
     <span class='ocr_line' id='line_1_18' title="bbox 376 2816 2003 2942; baseline -0.006 -28"><span class='ocrx_word' id='word_1_177' title='bbox 376 2827 432 2914; x_wconf 90' lang='lat' dir='ltr'><strong>ais</strong></span> <span class='ocrx_word' id='word_1_178' title='bbox 452 2826 623 2918; x_wconf 84' lang='lat' dir='ltr'><strong>levorem</strong></span> <span class='ocrx_word' id='word_1_179' title='bbox 643 2834 681 2907; x_wconf 90' lang='lat' dir='ltr'><strong>et</strong></span> <span class='ocrx_word' id='word_1_180' title='bbox 701 2819 897 2942; x_wconf 77' lang='lat' dir='ltr'><strong>privilegia</strong></span> <span class='ocrx_word' id='word_1_181' title='bbox 917 2829 1051 2938; x_wconf 88' lang='lat' dir='ltr'><strong>contra</strong></span> <span class='ocrx_word' id='word_1_182' title='bbox 1072 2818 1274 2907; x_wconf 89' lang='lat' dir='ltr'><strong>ecclesiam</strong></span> <span class='ocrx_word' id='word_1_183' title='bbox 1291 2882 1300 2906; x_wconf 91' lang='lat'><strong>.</strong></span> <span class='ocrx_word' id='word_1_184' title='bbox 1317 2883 1351 2906; x_wconf 92' lang='lat'><strong>..</strong></span> <span class='ocrx_word' id='word_1_185' title='bbox 1372 2822 1447 2908; x_wconf 89' lang='lat' dir='ltr'><strong>iam</strong></span> <span class='ocrx_word' id='word_1_186' title='bbox 1476 2816 1737 2906; x_wconf 79' lang='lat' dir='ltr'><strong>miserabiliter</strong></span> <span class='ocrx_word' id='word_1_187' title='bbox 1757 2817 2003 2908; x_wconf 87' lang='lat' dir='ltr'><strong>combustam.</strong></span> 
     </span>
     <span class='ocr_line' id='line_1_19' title="bbox 375 2930 2005 3057; baseline -0.004 -27"><span class='ocrx_word' id='word_1_188' title='bbox 375 2943 420 3030; x_wconf 92' lang='lat' dir='ltr'><strong>ln</strong></span> <span class='ocrx_word' id='word_1_189' title='bbox 439 2940 514 3052; x_wconf 79' lang='lat' dir='ltr'><strong>line</strong></span> <span class='ocrx_word' id='word_1_190' title='bbox 534 2966 627 3028; x_wconf 86' lang='lat' dir='ltr'><strong>vero</strong></span> <span class='ocrx_word' id='word_1_191' title='bbox 647 2930 1045 3056; x_wconf 87' lang='lat' dir='ltr'><strong>diclecommissionis</strong></span> <span class='ocrx_word' id='word_1_192' title='bbox 1065 2940 1147 3026; x_wconf 83' lang='lat' dir='ltr'><strong>sive</strong></span> <span class='ocrx_word' id='word_1_193' title='bbox 1168 2931 1459 3057; x_wconf 86' lang='lat' dir='ltr'><strong>supplicacionis</strong></span> <span class='ocrx_word' id='word_1_194' title='bbox 1480 2936 1631 3044; x_wconf 85' lang='lat' dir='ltr'><strong>cedula,</strong></span> <span class='ocrx_word' id='word_1_195' title='bbox 1662 2939 1802 3055; x_wconf 90' lang='lat' dir='ltr'><strong>scripta</strong></span> <span class='ocrx_word' id='word_1_196' title='bbox 1824 2935 2005 3042; x_wconf 25' lang='lat' dir='ltr'><strong>crant-de</strong></span> 
     </span>
     <span class='ocr_line' id='line_1_20' title="bbox 275 3053 2004 3176; baseline -0.003 -28"><span class='ocrx_word' id='word_1_197' title='bbox 275 3095 279 3102; x_wconf 93' lang='lat'>·</span> <span class='ocrx_word' id='word_1_198' title='bbox 374 3060 528 3148; x_wconf 84' lang='lat' dir='ltr'><strong>alterius</strong></span> <span class='ocrx_word' id='word_1_199' title='bbox 548 3085 683 3144; x_wconf 88' lang='lat' dir='ltr'><strong>manus</strong></span> <span class='ocrx_word' id='word_1_200' title='bbox 703 3055 834 3159; x_wconf 88' lang='lat' dir='ltr'><strong>littera,</strong></span> <span class='ocrx_word' id='word_1_201' title='bbox 854 3055 1040 3176; x_wconf 87' lang='lat' dir='ltr'><strong>superiorj</strong></span> <span class='ocrx_word' id='word_1_202' title='bbox 1062 3055 1180 3146; x_wconf 87' lang='lat' dir='ltr'><strong>littere</strong></span> <span class='ocrx_word' id='word_1_203' title='bbox 1200 3058 1318 3175; x_wconf 88' lang='lat' dir='ltr'><strong>ipsius</strong></span> <span class='ocrx_word' id='word_1_204' title='bbox 1339 3055 1477 3146; x_wconf 85' lang='lat' dir='ltr'><strong>cadule</strong></span> <span class='ocrx_word' id='word_1_205' title='bbox 1493 3057 1641 3175; x_wconf 89' lang='lat' dir='ltr'><strong>penitus</strong></span> <span class='ocrx_word' id='word_1_206' title='bbox 1662 3071 1700 3158; x_wconf 82' lang='lat' dir='ltr'><strong>et</strong></span> <span class='ocrx_word' id='word_1_207' title='bbox 1720 3058 1871 3144; x_wconf 89' lang='lat' dir='ltr'><strong>omnino</strong></span> <span class='ocrx_word' id='word_1_208' title='bbox 1892 3053 2004 3144; x_wconf 75' lang='lat' dir='ltr'><strong>dissi-</strong></span> 
     </span>
     <span class='ocr_line' id='line_1_21' title="bbox 374 3172 2005 3292; baseline -0.005 -26"><span class='ocrx_word' id='word_1_209' title='bbox 374 3177 462 3292; x_wconf 86' lang='lat' dir='ltr'><strong>muli</strong></span> <span class='ocrx_word' id='word_1_210' title='bbox 476 3175 616 3290; x_wconf 53' lang='lat' dir='ltr'><strong>¹(siclet</strong></span> <span class='ocrx_word' id='word_1_211' title='bbox 629 3173 790 3276; x_wconf 87' lang='lat' dir='ltr'><strong>diversa,</strong></span> <span class='ocrx_word' id='word_1_212' title='bbox 806 3175 1019 3283; x_wconf 84' lang='lat' dir='ltr'><strong>haeverba,</strong></span> <span class='ocrx_word' id='word_1_213' title='bbox 1039 3175 1224 3264; x_wconf 84' lang='lat' dir='ltr'><strong>videlicet·</strong></span> <span class='ocrx_word' id='word_1_214' title='bbox 1245 3175 1294 3262; x_wconf 86' lang='lat' dir='ltr'><strong>de</strong></span> <span class='ocrx_word' id='word_1_215' title='bbox 1310 3175 1489 3263; x_wconf 87' lang='lat' dir='ltr'><strong>mandato</strong></span> <span class='ocrx_word' id='word_1_216' title='bbox 1511 3172 1647 3261; x_wconf 88' lang='lat' dir='ltr'><strong>domini</strong></span> <span class='ocrx_word' id='word_1_217' title='bbox 1669 3177 1788 3264; x_wconf 87' lang='lat' dir='ltr'><strong>nostri</strong></span> <span class='ocrx_word' id='word_1_218' title='bbox 1810 3175 1919 3290; x_wconf 89' lang='lat' dir='ltr'><strong>Pape</strong></span> <span class='ocrx_word' id='word_1_219' title='bbox 1939 3201 2005 3258; x_wconf 90' lang='lat' dir='ltr'><strong>au-</strong></span> 
     </span>
     <span class='ocr_line' id='line_1_22' title="bbox 375 3287 2004 3416; baseline -0.004 -31"><span class='ocrx_word' id='word_1_220' title='bbox 375 3296 453 3386; x_wconf 87' lang='lat' dir='ltr'><strong>diat</strong></span> <span class='ocrx_word' id='word_1_221' title='bbox 472 3287 726 3408; x_wconf 83' lang='lat' dir='ltr'><strong>Reverendus</strong></span> <span class='ocrx_word' id='word_1_222' title='bbox 746 3306 855 3416; x_wconf 87' lang='lat' dir='ltr'><strong>pater</strong></span> <span class='ocrx_word' id='word_1_223' title='bbox 875 3293 1048 3382; x_wconf 88' lang='lat' dir='ltr'><strong>dominus</strong></span> <span class='ocrx_word' id='word_1_224' title='bbox 1071 3290 1284 3410; x_wconf 86' lang='lat' dir='ltr'><strong>Cardinalis</strong></span> <span class='ocrx_word' id='word_1_225' title='bbox 1305 3293 1435 3382; x_wconf 84' lang='lat' dir='ltr'><strong>Sancti</strong></span> <span class='ocrx_word' id='word_1_226' title='bbox 1455 3293 1568 3391; x_wconf 76' lang='lat' dir='ltr'><strong>sixti,</strong></span> <span class='ocrx_word' id='word_1_227' title='bbox 1599 3309 1636 3381; x_wconf 89' lang='lat' dir='ltr'><strong>et</strong></span> <span class='ocrx_word' id='word_1_228' title='bbox 1656 3295 1687 3381; x_wconf 88' lang='lat' dir='ltr'><strong>si</strong></span> <span class='ocrx_word' id='word_1_229' title='bbox 1715 3291 1908 3382; x_wconf 88' lang='lat' dir='ltr'><strong>sentencia</strong></span> <span class='ocrx_word' id='word_1_230' title='bbox 1933 3288 2004 3379; x_wconf 91' lang='lat' dir='ltr'><strong>do-</strong></span> 
     </span>
     <span class='ocr_line' id='line_1_23' title="bbox 268 3411 2132 3532; baseline -0.004 -30"><span class='ocrx_word' id='word_1_231' title='bbox 268 3515 285 3528; x_wconf 44' lang='lat'>·</span> <span class='ocrx_word' id='word_1_232' title='bbox 374 3417 461 3502; x_wconf 91' lang='lat' dir='ltr'><strong>mini</strong></span> <span class='ocrx_word' id='word_1_233' title='bbox 487 3413 672 3503; x_wconf 81' lang='lat' dir='ltr'><strong>lobannis</strong></span> <span class='ocrx_word' id='word_1_234' title='bbox 703 3414 753 3500; x_wconf 92' lang='lat' dir='ltr'><strong>de</strong></span> <span class='ocrx_word' id='word_1_235' title='bbox 780 3411 895 3498; x_wconf 87' lang='lat' dir='ltr'><strong>Mella</strong></span> <span class='ocrx_word' id='word_1_236' title='bbox 926 3438 999 3531; x_wconf 84' lang='lat' dir='ltr'><strong>pro</strong></span> <span class='ocrx_word' id='word_1_237' title='bbox 1018 3413 1181 3500; x_wconf 89' lang='lat' dir='ltr'><strong>ecelesia</strong></span> <span class='ocrx_word' id='word_1_238' title='bbox 1212 3413 1297 3518; x_wconf 89' lang='lat' dir='ltr'><strong>lata,</strong></span> <span class='ocrx_word' id='word_1_239' title='bbox 1318 3443 1392 3532; x_wconf 88' lang='lat' dir='ltr'><strong>que</strong></span> <span class='ocrx_word' id='word_1_240' title='bbox 1413 3443 1482 3530; x_wconf 88' lang='lat' dir='ltr'><strong>per</strong></span> <span class='ocrx_word' id='word_1_241' title='bbox 1503 3428 1579 3500; x_wconf 86' lang='lat' dir='ltr'><strong>tres</strong></span> <span class='ocrx_word' id='word_1_242' title='bbox 1601 3415 1816 3499; x_wconf 89' lang='lat' dir='ltr'><strong>sentencias</strong></span> <span class='ocrx_word' id='word_1_243' title='bbox 1837 3437 2004 3525; x_wconf 78' lang='lat' dir='ltr'><strong>pronun·</strong></span> <span class='ocrx_word' id='word_1_244' title='bbox 2129 3509 2132 3517; x_wconf 13' lang='grc' dir='ltr'>Α</span> 
     </span>
     <span class='ocr_line' id='line_1_24' title="bbox 374 3523 2002 3650; baseline -0.004 -30"><span class='ocrx_word' id='word_1_245' title='bbox 374 3533 474 3620; x_wconf 89' lang='lat' dir='ltr'><strong>olata</strong></span> <span class='ocrx_word' id='word_1_246' title='bbox 495 3548 562 3634; x_wconf 80' lang='lat' dir='ltr'><strong>est,</strong></span> <span class='ocrx_word' id='word_1_247' title='bbox 586 3534 807 3621; x_wconf 83' lang='lat' dir='ltr'><strong>transivisse</strong></span> <span class='ocrx_word' id='word_1_248' title='bbox 829 3531 864 3617; x_wconf 94' lang='lat' dir='ltr'><strong>in</strong></span> <span class='ocrx_word' id='word_1_249' title='bbox 884 3559 964 3618; x_wconf 89' lang='lat' dir='ltr'><strong>rem</strong></span> <span class='ocrx_word' id='word_1_250' title='bbox 986 3531 1198 3633; x_wconf 88' lang='lat' dir='ltr'><strong>iudicatam,</strong></span> <span class='ocrx_word' id='word_1_251' title='bbox 1225 3544 1264 3618; x_wconf 87' lang='lat' dir='ltr'><strong>et</strong></span> <span class='ocrx_word' id='word_1_252' title='bbox 1284 3529 1580 3650; x_wconf 88' lang='lat' dir='ltr'><strong>appellacionem</strong></span> <span class='ocrx_word' id='word_1_253' title='bbox 1602 3531 1652 3617; x_wconf 93' lang='lat' dir='ltr'><strong>ab</strong></span> <span class='ocrx_word' id='word_1_254' title='bbox 1675 3558 1720 3616; x_wconf 88' lang='lat' dir='ltr'><strong>ea</strong></span> <span class='ocrx_word' id='word_1_255' title='bbox 1745 3523 2002 3644; x_wconf 83' lang='lat' dir='ltr'><strong>interpositam</strong></span> 
     </span>
     <span class='ocr_line' id='line_1_25' title="bbox 374 3646 2003 3770; baseline -0.002 -33"><span class='ocrx_word' id='word_1_256' title='bbox 374 3651 491 3738; x_wconf 86' lang='lat' dir='ltr'><strong>luisse</strong></span> <span class='ocrx_word' id='word_1_257' title='bbox 512 3651 701 3738; x_wconf 86' lang='lat' dir='ltr'><strong>desertam</strong></span> <span class='ocrx_word' id='word_1_258' title='bbox 723 3681 792 3770; x_wconf 86' lang='lat' dir='ltr'><strong>per</strong></span> <span class='ocrx_word' id='word_1_259' title='bbox 812 3651 1051 3740; x_wconf 89' lang='lat' dir='ltr'><strong>summariam</strong></span> <span class='ocrx_word' id='word_1_260' title='bbox 1072 3650 1379 3742; x_wconf 79' lang='lat' dir='ltr'><strong>informacionem</strong></span> <span class='ocrx_word' id='word_1_261' title='bbox 1400 3649 1583 3736; x_wconf 87' lang='lat' dir='ltr'><strong>invenerit</strong></span> <span class='ocrx_word' id='word_1_262' title='bbox 1603 3677 1692 3738; x_wconf 84' lang='lat' dir='ltr'><strong>essa</strong></span> <span class='ocrx_word' id='word_1_263' title='bbox 1712 3649 1846 3735; x_wconf 89' lang='lat' dir='ltr'><strong>iustam</strong></span> <span class='ocrx_word' id='word_1_264' title='bbox 1873 3663 1911 3732; x_wconf 88' lang='lat' dir='ltr'><strong>et</strong></span> <span class='ocrx_word' id='word_1_265' title='bbox 1936 3646 2003 3734; x_wconf 90' lang='lat' dir='ltr'><strong>be·</strong></span> 
     </span>
     <span class='ocr_line' id='line_1_26' title="bbox 373 3765 2003 3886; baseline -0.004 -30"><span class='ocrx_word' id='word_1_266' title='bbox 373 3799 422 3856; x_wconf 89' lang='lat' dir='ltr'><strong>na</strong></span> <span class='ocrx_word' id='word_1_267' title='bbox 437 3768 569 3875; x_wconf 81' lang='lat' dir='ltr'><strong>lotam3</strong></span> <span class='ocrx_word' id='word_1_268' title='bbox 586 3771 727 3857; x_wconf 89' lang='lat' dir='ltr'><strong>reiecta</strong></span> <span class='ocrx_word' id='word_1_269' title='bbox 746 3767 1007 3886; x_wconf 74' lang='lat' dir='ltr'><strong>appellamone</strong></span> <span class='ocrx_word' id='word_1_270' title='bbox 1026 3770 1280 3886; x_wconf 74' lang='lat' dir='ltr'><strong>quacumque,</strong></span> <span class='ocrx_word' id='word_1_271' title='bbox 1294 3767 1494 3856; x_wconf 78' lang='lat' dir='ltr'><strong>&#39;conlirmet</strong></span> <span class='ocrx_word' id='word_1_272' title='bbox 1509 3778 1546 3854; x_wconf 92' lang='lat' dir='ltr'><strong>et</strong></span> <span class='ocrx_word' id='word_1_273' title='bbox 1560 3781 1778 3885; x_wconf 83' lang='lat' dir='ltr'><strong>exequatur,</strong></span> <span class='ocrx_word' id='word_1_274' title='bbox 1800 3777 1839 3852; x_wconf 93' lang='lat' dir='ltr'><strong>ut</strong></span> <span class='ocrx_word' id='word_1_275' title='bbox 1859 3765 2003 3882; x_wconf 75' lang='lat' dir='ltr'><strong>petitur</strong></span> 
     </span>
     <span class='ocr_line' id='line_1_27' title="bbox 373 3885 1909 4008; baseline -0.002 -34"><span class='ocrx_word' id='word_1_276' title='bbox 373 3887 535 4005; x_wconf 76' lang='lat' dir='ltr'><strong>aliotprin</strong></span> <span class='ocrx_word' id='word_1_277' title='bbox 557 3887 742 4004; x_wconf 88' lang='lat' dir='ltr'><strong>procedat</strong></span> <span class='ocrx_word' id='word_1_278' title='bbox 761 3891 793 3975; x_wconf 87' lang='lat' dir='ltr'><strong>si</strong></span> <span class='ocrx_word' id='word_1_279' title='bbox 814 3901 851 3975; x_wconf 88' lang='lat' dir='ltr'><strong>at</strong></span> <span class='ocrx_word' id='word_1_280' title='bbox 869 3904 983 4008; x_wconf 88' lang='lat' dir='ltr'><strong>prout</strong></span> <span class='ocrx_word' id='word_1_281' title='bbox 1002 3885 1166 4006; x_wconf 84' lang='lat' dir='ltr'><strong>dejure,</strong></span> <span class='ocrx_word' id='word_1_282' title='bbox 1187 3888 1382 4005; x_wconf 87' lang='lat' dir='ltr'><strong>premissis</strong></span> <span class='ocrx_word' id='word_1_283' title='bbox 1404 3887 1745 3992; x_wconf 82' lang='lat' dir='ltr'><strong>nonobstantibus.</strong></span> <span class='ocrx_word' id='word_1_284' title='bbox 1906 3945 1909 3952; x_wconf 63' lang='grc'><strong><em>«</em></strong></span> 
     </span>
     <span class='ocr_line' id='line_1_28' title="bbox 474 3999 2077 4124; baseline -0.002 -35"><span class='ocrx_word' id='word_1_285' title='bbox 474 4005 571 4091; x_wconf 87' lang='lat' dir='ltr'><strong>Post</strong></span> <span class='ocrx_word' id='word_1_286' title='bbox 591 4007 850 4124; x_wconf 88' lang='lat' dir='ltr'><strong>cuiusquidem</strong></span> <span class='ocrx_word' id='word_1_287' title='bbox 877 4006 1153 4095; x_wconf 90' lang='lat' dir='ltr'><strong>commissionis</strong></span> <span class='ocrx_word' id='word_1_288' title='bbox 1174 4007 1254 4094; x_wconf 88' lang='lat' dir='ltr'><strong>sive</strong></span> <span class='ocrx_word' id='word_1_289' title='bbox 1275 4003 1568 4122; x_wconf 90' lang='lat' dir='ltr'><strong>supplicacionis</strong></span> <span class='ocrx_word' id='word_1_290' title='bbox 1589 4002 1723 4088; x_wconf 87' lang='lat' dir='ltr'><strong>cedula</strong></span> <span class='ocrx_word' id='word_1_291' title='bbox 1744 3999 2001 4118; x_wconf 86' lang='lat' dir='ltr'><strong>presentaciu·</strong></span> <span class='ocrx_word' id='word_1_292' title='bbox 2074 4030 2077 4040; x_wconf 66' lang='lat'><strong><em>¹</em></strong></span> 
     </span>
     <span class='ocr_line' id='line_1_29' title="bbox 373 4119 2001 4238; baseline -0.004 -29"><span class='ocrx_word' id='word_1_293' title='bbox 373 4151 458 4209; x_wconf 88' lang='lat' dir='ltr'><strong>nem</strong></span> <span class='ocrx_word' id='word_1_294' title='bbox 479 4133 517 4208; x_wconf 88' lang='lat' dir='ltr'><strong>et</strong></span> <span class='ocrx_word' id='word_1_295' title='bbox 536 4124 810 4235; x_wconf 86' lang='lat' dir='ltr'><strong>recepcionem‚</strong></span> <span class='ocrx_word' id='word_1_296' title='bbox 836 4153 909 4209; x_wconf 91' lang='lat' dir='ltr'><strong>nos</strong></span> <span class='ocrx_word' id='word_1_297' title='bbox 935 4123 986 4208; x_wconf 91' lang='lat' dir='ltr'><strong>ad</strong></span> <span class='ocrx_word' id='word_1_298' title='bbox 1006 4122 1152 4237; x_wconf 85' lang='lat' dir='ltr'><strong>providi</strong></span> <span class='ocrx_word' id='word_1_299' title='bbox 1175 4123 1242 4207; x_wconf 90' lang='lat' dir='ltr'><strong>viri</strong></span> <span class='ocrx_word' id='word_1_300' title='bbox 1263 4121 1436 4238; x_wconf 79' lang='lat' dir='ltr'><strong>Magistri</strong></span> <span class='ocrx_word' id='word_1_301' title='bbox 1461 4119 1646 4208; x_wconf 85' lang='lat' dir='ltr'><strong>lobannis</strong></span> <span class='ocrx_word' id='word_1_302' title='bbox 1667 4119 1717 4205; x_wconf 90' lang='lat' dir='ltr'><strong>de</strong></span> <span class='ocrx_word' id='word_1_303' title='bbox 1737 4123 1934 4221; x_wconf 82' lang='lat' dir='ltr'><strong>anom&#39;o,</strong></span> <span class='ocrx_word' id='word_1_304' title='bbox 1966 4119 2001 4204; x_wconf 93' lang='lat' dir='ltr'><strong>in</strong></span> 
     </span>
     <span class='ocr_line' id='line_1_30' title="bbox 372 4235 2003 4354; baseline -0.004 -27"><span class='ocrx_word' id='word_1_305' title='bbox 372 4239 548 4328; x_wconf 82' lang='lat' dir='ltr'><strong>Romana</strong></span> <span class='ocrx_word' id='word_1_306' title='bbox 571 4239 675 4324; x_wconf 87' lang='lat' dir='ltr'><strong>curia</strong></span> <span class='ocrx_word' id='word_1_307' title='bbox 697 4267 896 4326; x_wconf 89' lang='lat' dir='ltr'><strong>cansarum</strong></span> <span class='ocrx_word' id='word_1_308' title='bbox 919 4253 955 4325; x_wconf 88' lang='lat' dir='ltr'><strong>et</strong></span> <span class='ocrx_word' id='word_1_309' title='bbox 976 4237 1180 4354; x_wconf 89' lang='lat' dir='ltr'><strong>supradicti</strong></span> <span class='ocrx_word' id='word_1_310' title='bbox 1197 4237 1334 4325; x_wconf 89' lang='lat' dir='ltr'><strong>domini</strong></span> <span class='ocrx_word' id='word_1_311' title='bbox 1349 4237 1544 4339; x_wconf 82' lang='lat' dir='ltr'><strong>lobannis,</strong></span> <span class='ocrx_word' id='word_1_312' title='bbox 1560 4235 1934 4352; x_wconf 84' lang='lat' dir='ltr'><strong>modemiEpiscopi</strong></span> <span class='ocrx_word' id='word_1_313' title='bbox 1954 4263 2003 4322; x_wconf 90' lang='lat' dir='ltr'><strong>ac</strong></span> 
     </span>
     <span class='ocr_line' id='line_1_31' title="bbox 372 4353 2000 4474; baseline -0.002 -30"><span class='ocrx_word' id='word_1_314' title='bbox 372 4355 908 4462; x_wconf 79' lang='lat' dir='ltr'><strong>Ecclesiawladislaviensis,</strong></span> <span class='ocrx_word' id='word_1_315' title='bbox 929 4355 1186 4472; x_wconf 87' lang='lat' dir='ltr'><strong>procuratoris</strong></span> <span class='ocrx_word' id='word_1_316' title='bbox 1202 4355 1393 4444; x_wconf 88' lang='lat' dir='ltr'><strong>etSindici</strong></span> <span class='ocrx_word' id='word_1_317' title='bbox 1414 4357 1645 4460; x_wconf 89' lang='lat' dir='ltr'><strong>instanciam,</strong></span> <span class='ocrx_word' id='word_1_318' title='bbox 1661 4354 1858 4474; x_wconf 89' lang='lat' dir='ltr'><strong>providum</strong></span> <span class='ocrx_word' id='word_1_319' title='bbox 1879 4353 2000 4440; x_wconf 86' lang='lat' dir='ltr'><strong>virum</strong></span> 
     </span>
     <span class='ocr_line' id='line_1_32' title="bbox 374 4472 2001 4592; baseline -0.004 -30"><span class='ocrx_word' id='word_1_320' title='bbox 374 4475 598 4592; x_wconf 82' lang='lat' dir='ltr'><strong>Magistrum</strong></span> <span class='ocrx_word' id='word_1_321' title='bbox 627 4475 810 4564; x_wconf 73' lang='lat' dir='ltr'><strong>Theclam</strong></span> <span class='ocrx_word' id='word_1_322' title='bbox 840 4474 972 4576; x_wconf 85' lang='lat' dir='ltr'><strong>Rode,</strong></span> <span class='ocrx_word' id='word_1_323' title='bbox 993 4475 1029 4560; x_wconf 93' lang='lat' dir='ltr'><strong>in</strong></span> <span class='ocrx_word' id='word_1_324' title='bbox 1051 4472 1186 4561; x_wconf 82' lang='lat' dir='ltr'><strong>cadam</strong></span> <span class='ocrx_word' id='word_1_325' title='bbox 1206 4474 1319 4562; x_wconf 90' lang='lat' dir='ltr'><strong>Curia</strong></span> <span class='ocrx_word' id='word_1_326' title='bbox 1346 4501 1546 4562; x_wconf 89' lang='lat' dir='ltr'><strong>causarum</strong></span> <span class='ocrx_word' id='word_1_327' title='bbox 1578 4489 1617 4561; x_wconf 92' lang='lat' dir='ltr'><strong>et</strong></span> <span class='ocrx_word' id='word_1_328' title='bbox 1636 4473 1891 4592; x_wconf 87' lang='lat' dir='ltr'><strong>predictorum</strong></span> <span class='ocrx_word' id='word_1_329' title='bbox 1911 4499 2001 4587; x_wconf 91' lang='lat' dir='ltr'><strong>pro-</strong></span> 
     </span>
     <span class='ocr_line' id='line_1_33' title="bbox 373 4588 1998 4710; baseline -0.003 -30"><span class='ocrx_word' id='word_1_330' title='bbox 373 4593 590 4698; x_wconf 86' lang='lat' dir='ltr'><strong>consulum,</strong></span> <span class='ocrx_word' id='word_1_331' title='bbox 622 4593 836 4698; x_wconf 89' lang='lat' dir='ltr'><strong>consulum,</strong></span> <span class='ocrx_word' id='word_1_332' title='bbox 870 4591 1116 4710; x_wconf 88' lang='lat' dir='ltr'><strong>opidanorum</strong></span> <span class='ocrx_word' id='word_1_333' title='bbox 1154 4607 1191 4680; x_wconf 89' lang='lat' dir='ltr'><strong>et</strong></span> <span class='ocrx_word' id='word_1_334' title='bbox 1219 4593 1470 4683; x_wconf 89' lang='lat' dir='ltr'><strong>universitatis</strong></span> <span class='ocrx_word' id='word_1_335' title='bbox 1500 4605 1785 4710; x_wconf 86' lang='lat' dir='ltr'><strong>procuratorem</strong></span> <span class='ocrx_word' id='word_1_336' title='bbox 1816 4603 1854 4677; x_wconf 87' lang='lat' dir='ltr'><strong>et</strong></span> <span class='ocrx_word' id='word_1_337' title='bbox 1882 4588 1998 4676; x_wconf 88' lang='lat' dir='ltr'><strong>sindi-</strong></span> 
     </span>
     <span class='ocr_line' id='line_1_34' title="bbox 374 4702 1999 4826; baseline -0.004 -28"><span class='ocrx_word' id='word_1_338' title='bbox 374 4737 478 4798; x_wconf 89' lang='lat' dir='ltr'><strong>cum:</strong></span> <span class='ocrx_word' id='word_1_339' title='bbox 500 4709 550 4796; x_wconf 85' lang='lat' dir='ltr'><strong>de</strong></span> <span class='ocrx_word' id='word_1_340' title='bbox 570 4729 729 4825; x_wconf 78' lang='lat' dir='ltr'><strong>quornm</strong></span> <span class='ocrx_word' id='word_1_341' title='bbox 750 4711 924 4800; x_wconf 88' lang='lat' dir='ltr'><strong>hincinde</strong></span> <span class='ocrx_word' id='word_1_342' title='bbox 944 4711 1255 4826; x_wconf 84' lang='lat' dir='ltr'><strong>procuracionum</strong></span> <span class='ocrx_word' id='word_1_343' title='bbox 1276 4711 1461 4798; x_wconf 88' lang='lat' dir='ltr'><strong>mandatis</strong></span> <span class='ocrx_word' id='word_1_344' title='bbox 1484 4711 1592 4798; x_wconf 90' lang='lat' dir='ltr'><strong>nobis</strong></span> <span class='ocrx_word' id='word_1_345' title='bbox 1612 4702 1777 4826; x_wconf 76' lang='lat' dir='ltr'><strong>exactis</strong></span> <span class='ocrx_word' id='word_1_346' title='bbox 1799 4735 1999 4796; x_wconf 86' lang='lat' dir='ltr'><strong>causarum</strong></span> 
     </span>
     <span class='ocr_line' id='line_1_35' title="bbox 374 4825 1999 4948; baseline -0.002 -32"><span class='ocrx_word' id='word_1_347' title='bbox 374 4825 586 4916; x_wconf 84' lang='lat' dir='ltr'><strong>huiusmodi</strong></span> <span class='ocrx_word' id='word_1_348' title='bbox 605 4829 784 4948; x_wconf 83' lang='lat' dir='ltr'><strong>legittima</strong></span> <span class='ocrx_word' id='word_1_349' title='bbox 806 4830 919 4918; x_wconf 88' lang='lat' dir='ltr'><strong>extitit</strong></span> <span class='ocrx_word' id='word_1_350' title='bbox 933 4831 1031 4918; x_wconf 84' lang='lat' dir='ltr'><strong>lacta</strong></span> <span class='ocrx_word' id='word_1_351' title='bbox 1052 4827 1160 4934; x_wconf 87' lang='lat' dir='ltr'><strong>lides,</strong></span> <span class='ocrx_word' id='word_1_352' title='bbox 1180 4827 1230 4916; x_wconf 92' lang='lat' dir='ltr'><strong>ad</strong></span> <span class='ocrx_word' id='word_1_353' title='bbox 1252 4827 1451 4916; x_wconf 91' lang='lat' dir='ltr'><strong>dicendum</strong></span> <span class='ocrx_word' id='word_1_354' title='bbox 1473 4844 1510 4916; x_wconf 87' lang='lat' dir='ltr'><strong>et</strong></span> <span class='ocrx_word' id='word_1_355' title='bbox 1530 4827 1800 4946; x_wconf 84' lang='lat' dir='ltr'><strong>excipiendum,</strong></span> <span class='ocrx_word' id='word_1_356' title='bbox 1823 4825 1999 4947; x_wconf 88' lang='lat' dir='ltr'><strong>quicquid</strong></span> 
     </span>
    </p>
   </div>
   <div class='ocr_carea' id='block_1_3' title="bbox 0 0 2468 5940">
    <p class='ocr_par' dir='ltr' id='par_1_3' title="bbox 0 0 2468 5940">
     <span class='ocr_line' id='line_1_36' title="bbox 0 0 2468 5940; baseline 0 4"><span class='ocrx_word' id='word_1_357' title='bbox 0 0 2468 5940; x_wconf 95' lang='lat' dir='ltr'><strong> </strong></span> 
     </span>
    </p>
   </div>
  </div>
 </body>
</html>
