4878 5942
1166 726 1337 802 -288
1392 765 1438 782 -

499 951 625 1026 merca
646 930 861 1020 thorunensi
887 929 1037 1050 triginta
1066 948 1136 1020 sex
1154 930 1282 1051 grossi
1303 927 1583 1044 (bobbrnioeles
1603 927 1699 1020 solui
1720 907 1927 1018 debebunt:
1947 931 2105 1051 singuiis

499 1051 605 1146 uuus
625 1050 807 1170 perpetuo
833 1047 1035 1138 duraturos
1074 1077 1144 1170 pro
1185 1064 1333 1138 ceruum
1362 1049 1499 1142 marcis
1538 1047 1839 1138 tburunensibus.
1890 1047 2017 1164 Quam
2038 1081 2105 1170 pe·

497 1172 643 1268 cuniam
671 1181 818 1257 centurn
844 1197 1053 1258 mercarurn
1084 1199 1131 1256 er
1157 1168 1308 1288 integro
1334 1169 1576 1286 recipientes,
1607 1165 1655 1256 de
1688 1167 1846 1258 consitio
1875 1166 1962 1258 dicti
1990 1173 2107 1259 nostri

499 1287 810 1380 uladislauiensis
831 1286 998 1406 capituli,
1027 1317 1096 1405 pro
1117 1286 1257 1375 fabrica
1278 1288 1440 1376 matricis
1461 1301 1588 1374 nostre
1614 1285 1927 1376 windisiouiensis
1948 1289 2107 1378 ecclesie

499 1407 672 1496 duximus
693 1405 996 1496 conuertendaru.
1036 1406 1138 1523 Sepe
1158 1419 1283 1493 autern
1299 1403 1421 1494 dictos
1449 1404 1581 1492 decern
1603 1433 1811 1494 marearum
1833 1405 2002 1494 redditus
2021 1438 2106 1526 per·

498 1542 644 1646 petuos,
666 1556 735 1643 pro
756 1524 967 1640 duonooionp
987 1525 1113 1614 aitaris
1135 1526 1170 1612 in
1191 1525 1352 1613 ecclesia
1374 1522 1685 1629 wladislauien‘si,
1706 1526 1909 1614 constructi
1929 1527 1967 1613 iu
1987 1525 2105 1614 bono·

498 1677 575 1736 retu
596 1661 808 1734 sanctorum
827 1643 1009 1755 iohannis
1029 1644 1207 1763 baptiste,
1227 1643 1410 1735 iohannis
1429 1641 1696 1762 ewangeliste,
1717 1655 1755 1731 et
1774 1640 1928 1733 Andree
1946 1643 2108 1762 apostoli

406 1772 410 1780 ’
499 1766 703 1884 principum
733 1779 832 1852 terre
861 1762 1134 1885 gloriosorum,
1161 1793 1230 1880 per
1250 1765 1429 1882 prefaturn
1459 1761 1669 1850 iohannem
1699 1761 1894 1850 custodem
1915 1761 2108 1852 wladisla-

500 1883 663 1972 uienser'n
685 1881 882 2000 deputatas
904 1881 1044 1994 (sicipin
1065 1881 1149 1969 ville
1171 1912 1299 1970 menso
1319 1894 1447 1970 nostre
1468 1881 1695 2000 episcopalis
1716 1887 1977 1969 Dobrzeuioze
1997 1880 2107 1983 dicta,
2195 1971 2201 1980 ,

383 1977 391 2017 ¹
499 2004 536 2089 iu
550 2000 735 2107 districtu,
747 2001 808 2122 qui
827 2005 982 2115 Uroyno
1000 1999 1133 2088 dicitur
1152 1999 1348 2118 wlgariter
1368 2002 1501 2089 situata
1522 1995 1590 2114 (²),
1611 2000 1751 2118 percipi
1773 1999 2007 2091 decernimus
2027 2030 2108 2089 ruo·

465 2187 467 2194 ,
501 2119 642 2208 desub
664 2120 756 2225 isto,
777 2119 878 2238 quod
903 2119 1000 2206 diote
1020 2118 1103 2206 ville
1123 2118 1322 2224 scultetus,
1352 2120 1414 2238 qui
1434 2117 1568 2206 iudicio
1589 2117 1793 2238 presidebit
1813 2133 1899 2206 tunc
1920 2120 2108 2238 temporis,

379 2333 385 2352 ἃ
501 2236 561 2326 vel
588 2237 620 2326 si
641 2237 821 2326 scultetus
842 2235 1070 2356 (neg)iigens
1089 2237 1208 2342 suerit,
1223 2236 1397 2326 officialis
1419 2252 1563 2341 noster,
1584 2238 1646 2355 qui
1675 2242 1825 2352 Wopsti
1841 2237 2037 2356 wlgariter
2056 2235 2108 2324 di·

381 2359 383 2365 ’
502 2358 611 2460 citur,
642 2355 716 2443 boo
736 2355 846 2444 faciet
883 2385 981 2444 enno
1001 2355 1184 2458 reuoluto,
1205 2353 1285 2460 die,
1306 2368 1381 2474 quo
1403 2386 1541 2444 census
1561 2355 1728 2460 soluitur,
1748 2356 1851 2492 prius
1873 2353 2027 2476 colligat
2057 2354 2108 2443 di·

501 2488 584 2562 ctas
604 2473 736 2561 decenn
757 2503 904 2562 marcas
926 2475 1097 2565 incensu
1118 2473 1202 2561 viiie
1222 2487 1390 2610 pretacte
1412 2540 1582 2563 ......
1603 2473 1736 2595 aliquis
1757 2473 1932 2562 denarius
1953 2503 2024 2594 pro
2043 2503 2108 2562 uo·

500 2595 559 2682 bis
579 2593 791 2713 nostrisque
812 2593 1098 2682 successoribus
1127 2591 1318 2682 inibidem
1339 2593 1583 2714 percipietur,
1604 2605 1642 2680 et
1662 2622 1728 2681 eas
1749 2591 1933 2700 aitariste,
1954 2593 2016 2712 qui
2035 2623 2107 2712 pro

500 2724 670 2828 tempore
690 2711 809 2818 fuerit,
829 2711 923 2801 inira
943 2741 1108 2802 mensem
1129 2741 1154 2799 a
1175 2709 1246 2817 die,
1267 2741 1342 2831 quo
1364 2741 1504 2800 census
1524 2711 1691 2813 soluitur,
1711 2711 1893 2831 assignet.
1922 2709 1983 2817 Er,
2003 2709 2106 2832 quod

501 2830 610 2935 absit,
623 2831 663 2918 si
683 2827 807 2949 aliqua
827 2829 998 2922 restitue
1018 2829 1151 2937 hostili,
1166 2861 1235 2919 seu
1258 2831 1392 2950 quovis
1411 2831 1487 2918 elio
1507 2828 1634 2935 modo,
1655 2827 1759 2919 dicte
1772 2830 1903 2918 decern
1924 2859 2052 2917 marce
2071 2829 2109 2918 io

500 2949 689 3038 nominate
727 2947 812 3041 viiia
851 2949 994 3068 percipi
1033 2981 1108 3038 non
1148 2949 1304 3068 possint,
1332 2981 1380 3037 ne
1419 2948 1468 3037 ob
1508 2945 1694 3038 deiectum
1728 2948 1938 3040 victualium
1971 2945 2108 3036 dictum

502 3067 620 3157 uitare
640 3067 751 3157 solito
771 3067 1283 3184 ministerioirustretur,tuno
1303 3067 1340 3156 in
1358 3073 1560 3172 Moiem‘no,
1572 3097 1701 3156 mense
1721 3081 1850 3156 nostre
1869 3065 2015 3173 villain
2034 3065 2119 3155 Po·

503 3185 671 3276 mosania
693 3186 931 3292 consistente,
964 3183 1095 3275 decenn
1116 3216 1243 3276 marce
1264 3201 1429 3306 preteote
1455 3217 1523 3308 per
1542 3187 1739 3281 scultetum
1759 3185 1843 3274 ville
1864 3183 1923 3283 vei
1944 3201 2113 3274 nostrum·

500 3319 782 3426 procuratorem
811 3303 925 3394 ruodo
955 3305 1176 3426 colligentur
1202 3303 1380 3425 predicto,
1402 3321 1439 3394 et
1466 3304 1633 3394 aitariste
1660 3318 1939 3424 presententur,
1970 3299 2108 3426 qu(oad

501 3425 636 3544 u)sque
661 3424 699 3511 in
727 3429 990 3513 chrzeuicre
1017 3427 1162 3546 integre
1191 3425 1331 3562 percipi
1352 3423 1497 3542 possint
1530 3439 1568 3512 et
1602 3422 1798 3542 cornplete.
1835 3423 2052 3512 Statuentes
2073 3435 2109 3511 et

502 3541 760 3630 inuiolabiliter
785 3542 1014 3650 ordinantes,
1042 3543 1143 3664 quod
1164 3541 1284 3632 ductus
1305 3559 1445 3650 custos,
1466 3543 1540 3632 vite
1560 3573 1629 3630 sue
1649 3541 1887 3662 temporibus,
1908 3569 2108 3662 personam

504 3656 575 3750 siri
602 3660 785 3780 placitam,
805 3663 912 3750 elteri
942 3661 1108 3782 predicto
1138 3659 1423 3782 proficiendum,
1453 3662 1561 3749 nobis
1588 3661 1800 3782 nostrisque
1821 3657 2109 3750 successoribus
2158 3763 2163 3774 ,

502 3779 741 3899 presentabit
787 3778 875 3897 lpso
905 3809 995 3868 vero
1024 3780 1182 3870 custode
1211 3782 1307 3870 uiam
1333 3782 1507 3886 uniuerso
1536 3781 1670 3868 carnis
1685 3779 1880 3902 ingresso,
1910 3777 2107 3900 capitulum

503 3897 804 3987 wladislauiense
824 3899 1051 4018 presentabit
1069 3899 1174 3988 altari
1195 3901 1340 4021 prefato
1361 3895 1639 4021 preficiendum,
1660 3901 1889 4020 temporibus
1908 3897 2109 4020 perpetuis,

497 4017 681 4107 duntaxat
699 4017 745 4105 aii
774 4047 857 4106 ueur
878 4016 925 4106 de
945 4019 1166 4108 vicariorum
1186 4015 1538 4108 wladislauiensiunn
1559 4015 1655 4106 coilo
1686 4017 1743 4127 io,
1764 4019 1826 4139 qui
1847 4019 1968 4140 possit
1986 4028 2024 4106 et
2040 4045 2107 4104 ve·

417 4241 421 4246 ,
503 4137 543 4226 iit
562 4137 721 4257 singuiis
738 4048 972 4246 eiflomadis,
992 4169 1060 4258 per
1074 4169 1124 4226 se
1144 4139 1203 4226 vel
1224 4137 1343 4241 aliunr,
1361 4137 1422 4226 die
1437 4136 1621 4226 dominico
1643 4047 1691 4224 rie
1712 4150 1843 4225 sancte
1860 4135 2028 4242 trinitate,
2047 4131 2108 4250 vei

504 4255 757 4380 dedicione
776 4256 947 4347 secunda
966 4287 1035 4378 pro
1057 4257 1260 4365 defunctis,
1288 4257 1380 4346 seria
1399 4270 1509 4379 serta
1528 4285 1599 4374 pro
1624 4257 1792 4374 peccatis
1821 4255 1908 4344 dicti
1929 4249 2108 4358 custodis,

604 4523 656 4676 (a
688 4525 910 4612 Dobrzejeeoe'ce,
925 4525 992 4608 uilia
1006 4526 1147 4592 territorii
1162 4533 1193 4594 et
1205 4522 1336 4610 regionis
1349 4509 1517 4613 Lipnensis,
1526 4515 1693 4593 *decanatus
1706 4515 1976 4621 Bobrowuicorisis
2004 4521 2052 4589 Do
2065 4521 2108 4588 di·

505 4611 608 4677 obictu
656 4633 736 4699 cyno
746 4611 810 4678 siue
816 4613 877 4699 poti
881 4609 1036 4678 nerana
1049 4611 1174 4683 diotobi„
1182 4611 1343 4678 (brunerus
1350 4609 1379 4676 in
1387 4631 1542 4694 operesuo
1548 4609 1680 4690 „Derbe
1689 4609 1816 4676 Polonie
1821 4617 1850 4674 et
1860 4619 1946 4700 pente
1960 4605 2107 4674 Potum

506 4694 553 4764 ott
566 4695 672 4763 Goion.
691 4697 815 4796 Agripp.
838 4697 879 4764 Μ.
901 4697 939 4763 D.
953 4697 1123 4766 LXXXIX.
1145 4717 1173 4783 p.
1188 4694 1259 4764 482
1273 4696 1347 4764 baec
1365 4695 1479 4762 scribit:
1501 4696 1557 4774 „ad
1578 4695 1761 4763 occidentem
1782 4713 1834 4763 rer
1856 4695 1880 4758 't
1896 4691 2108 4761 Posnenieneis

505 4779 645 4867 nunu,
673 4779 858 4850 Gntbsrensis
876 4789 978 4848 nonna
992 4782 1029 4848 ad
1044 4791 1143 4850 ortum
1154 4787 1185 4848 et
1197 4781 1446 4892 septentrionem
1461 4801 1519 4870 quo
1530 4789 1616 4869 porte
1629 4789 1700 4850 eunt
1710 4780 1812 4849 Paiuoi
1824 4715 1972 4866 fficium,
1988 4777 2109 4854 uena,

418 4873 429 4886 “
507 4874 539 4935 ot
551 4863 695 4936 Curubis
708 4873 820 4936 tracuus
834 4875 933 4936 terrae
945 4889 1007 4936 non
1018 4865 1234 4936 unumueudi
