4878 5942
1159 797 1204 814 ...
1259 760 1433 834 352...

484 962 570 1052 dine
583 964 677 1077 (sic),
699 961 835 1082 quibus
854 957 1050 1050 laboribus
1069 962 1128 1049 vir
1147 961 1398 1050 Przeczslaus
1418 961 1649 1080 cognomine
1669 955 1945 1050 Mteezknwiez
1964 967 2108 1054 molen

481 1079 632 1171 dinator
651 1083 688 1168 in
709 1077 922 1170 edilicando
953 1107 1023 1166 seu
1044 1078 1299 1168 construendo
1325 1109 1426 1168 noua
1447 1109 1515 1166 seu
1536 1081 1655 1198 prima
1677 1081 1907 1200 perocciono
1926 1081 2108 1171 molendi·

479 1227 567 1285 oum
584 1200 624 1288 in
643 1199 759 1286 lluuio
777 1197 881 1292 dicto
901 1204 1115 1309 anouloao
1133 1199 1172 1285 in
1191 1199 1298 1304 loco,
1329 1197 1392 1319 qui
1411 1196 1545 1295 dicitur
1573 1204 1769 1312 Wbropmo
1799 1198 1894 1286 intra
1915 1203 2108 1320 granioies

478 1315 582 1435 opidi
601 1317 735 1422 oostm,
757 1317 903 1442 absque
923 1316 1088 1436 dampno
1105 1315 1356 1434 predictorum
1377 1314 1651 1434 oppidanorum
1673 1317 1709 1401 in
1729 1319 1888 1430 Lepore,
1924 1315 2107 1436 recipien-

478 1433 530 1523 do
560 1435 644 1548 (sio)
673 1433 888 1524 abeodem
917 1433 1150 1536 molendino,
1185 1463 1308 1552 usquo
1343 1433 1393 1520 ad
1429 1435 1599 1521 semitam
1628 1433 1702 1520 anli
1810 1435 1954 1549 piscine
1982 1449 2110 1554 potest

476 1549 615 1641 rodere
645 1567 682 1640 et
709 1551 859 1658 fodere,
895 1569 933 1640 et
959 1552 1069 1639 aliam
1099 1565 1242 1668 partem
1264 1552 1345 1665 (sic)
1362 1579 1454 1638 vero
1475 1563 1602 1667 potest
1621 1551 1690 1639 sibi
1707 1463 1846 1639 (lddme
1873 1567 2003 1670 pratas
2021 1553 2109 1664 (sic)

478 1699 527 1758 ex
554 1683 712 1792 utraque
732 1683 839 1790 parte
874 1669 975 1789 lluuij
1001 1669 1222 1788 recipiendo
1252 1697 1276 1756 a
1309 1667 1525 1757 molendino
1546 1699 1668 1788 usque
1695 1667 1745 1754 ad
1770 1673 1981 1758 Gosszdccz
2000 1683 2040 1758 et
2057 1668 2109 1757 ad

476 1787 576 1875 viam
606 1785 731 1876 eundo
767 1785 818 1876 ed
857 1791 1082 1894 Goosm'cre,
1113 1802 1150 1876 et
1176 1785 1227 1874 ad
1258 1785 1404 1874 riwlum
1441 1783 1579 1874 dictum
1623 1789 1804 1876 Wolooleo
1837 1787 1919 1874 siue
1963 1793 2110 1876 Wolsleu

476 1922 607 2018 strupo
627 1901 666 2016 (Ξ
682 1906 714 2016 ),
745 1918 783 1994 et
811 1908 965 1992 terciam
998 1905 1184 1992 dimidiam
1206 1933 1372 1992 marcam
1402 1901 1452 1990 de
1481 1933 1598 1992 censu
1623 1931 1699 1990 noo
1729 1903 1833 2021 plus,
1861 1905 1979 1992 extitit
1997 1904 2108 1994 nobis

476 2021 777 2123 commendatus,
823 2021 944 2110 eidem
979 2022 1226 2128 Przeuzslao,
1258 2025 1336 2109 suis
1371 2021 1498 2110 liberis
1533 2035 1571 2109 et
1606 2021 1792 2140 legittimis
1818 2021 2107 2112 successoribus

476 2141 629 2226 terciam
651 2151 843 2226 metretam
874 2169 942 2225 seu
972 2167 1184 2226 mensuram
1212 2137 1380 2228 eiusdem
1410 2137 1610 2226 molendini
1641 2152 1679 2225 et
1709 2139 1868 2226 omnium
1891 2138 2107 2226 emolimen-

477 2269 599 2342 torum
632 2256 797 2373 inipso,
832 2255 904 2343 sub
929 2255 1198 2344 ratihabicione
1224 2253 1491 2345 veomabilium
1520 2256 1673 2344 fratrom
1709 2267 1922 2342 nostrorum
1952 2255 2104 2372 capituli

477 2369 640 2460 ecclesie
658 2388 789 2478 nostre
809 2372 1123 2463 wladislauiensis
1143 2371 1331 2492 predicte,
1362 2372 1552 2483 dedimus,
1583 2372 1806 2482 contulimus
1835 2387 1873 2460 et
1892 2373 2105 2492 asslgoaui-

477 2503 581 2590 mus,
612 2485 839 2610 damusque,
870 2491 1095 2579 conserimus
1127 2505 1164 2578 et
1191 2491 1269 2578 assi
1301 2519 1434 2578 namus
1456 2505 1587 2579 tenore
1606 2489 1862 2607 prosdocium,
1887 2489 1975 2607 jure
2001 2489 2105 2577 here

477 2605 612 2696 dilatio
632 2638 702 2725 per
729 2623 813 2696 etue
833 2607 1120 2724 possidendam,
1151 2515 1371 2712 tenendam,
1400 2607 1632 2715 babendum,
1663 2605 1921 2714 vendendam,
1940 2636 2107 2702 cunutu-

477 2723 648 2830 tandam,
678 2639 935 2832 alienandam,
965 2740 1005 2814 et
1022 2757 1094 2843 pro
1115 2755 1245 2814 eorum
1265 2723 1500 2842 beneplacito
1519 2725 1639 2814 libere
1658 2723 1963 2815 connectendam.
2023 2722 2104 2814 lla·

476 2847 636 2961 musque
653 2840 754 2930 dicto
772 2843 1012 2954 Przeezstan
1034 2844 1162 2931 etsuis
1183 2844 1472 2932 successoribus
1493 2843 1683 2962 legitimis,
1705 2841 1756 2930 ad
1777 2840 1937 2930 eandem
1950 2841 2105 2930 terciam

475 2971 622 3076 partem
653 2987 722 3047 seu
751 2974 943 3048 metretam
972 2959 1060 3048 dioli
1079 2959 1289 3049 'molendini
1325 2973 1467 3066 ortum,
1498 2973 1645 3078 pratum
1671 2961 1708 3047 in
1736 2959 1859 3065 siluis,
1900 2973 1937 3048 et
1964 2956 2106 3076 aliquot

476 3077 613 3194 iugera
632 3107 700 3166 seu
722 3077 843 3165 stadia
863 3107 1045 3198 agrorum
1074 3080 1111 3166 in
1137 3079 1287 3165 meriois
1320 3107 1438 3194 penes
1458 3076 1555 3165 idem
1576 3075 1845 3183 molendinum,
1876 3077 1957 3165 sine
1980 3090 2104 3164 tameo

250 3179 259 3248 '.
349 3264 355 3289 ,
475 3193 682 3310 preiudicio
703 3194 908 3282 incolarum
930 3194 1016 3283 dicti
1037 3195 1139 3312 opidi
1159 3196 1278 3284 nostri
1297 3201 1447 3310 Loqow,
1468 3195 1679 3282 facultatem
1710 3207 1747 3282 et
1776 3193 1970 3281 lioenoiam
1991 3192 2103 3280 extir-

349 3367 358 3398 .
474 3309 601 3427 pandi.
664 3312 841 3401 Ceterum
868 3314 1035 3430 prelatus
1062 3311 1314 3401 Przeczslaus
1344 3329 1381 3401 et
1408 3313 1466 3401 sui
1493 3341 1743 3402 successores
1772 3310 1929 3399 indole
1960 3339 2030 3398 seu
2066 3311 2104 3406 iu

425 3485 432 3496 -
476 3429 582 3532 curie
600 3433 749 3536 nostro,
780 3459 865 3518 cum
888 3431 1023 3520 ceteris
1051 3429 1409 3524 molendinatoribus
1438 3431 1474 3520 in
1504 3428 1672 3522 districto
1700 3428 1915 3548 legoniensi
1942 3429 2103 3526 existen-

475 3545 593 3651 tibus,
614 3547 714 3634 iuxta
736 3548 1044 3636 consuetudinem
1065 3552 1273 3670 antiquam,
1294 3549 1428 3653 hostia,
1448 3577 1601 3636 mensas
1620 3549 1758 3654 locere,
1779 3561 1817 3634 et
1835 3547 2019 3634 foramina
2039 3574 2104 3633 oe·

477 3674 635 3782 temque
661 3663 872 3764 huiusmodi
900 3665 1121 3753 tenebuntur
1149 3695 1348 3784 reparare,
1378 3658 1468 3754 dum
1500 3695 1615 3786 super
1643 3665 1718 3754 hoc
1745 3693 1815 3782 per
1834 3677 2107 3784 procuratores

477 3795 631 3868 nostros
657 3795 695 3866 et
724 3795 937 3870 nostrorum
966 3811 1232 3873 successorum
1261 3785 1395 3874 luerint
1422 3785 1599 3921 requisiti.
1659 3781 1749 3871 Hoc
1778 3787 1895 3871 eciam
1932 3780 2102 3884 adiecto,

477 3897 581 4017 quod
611 3929 680 4017 pro
711 3898 894 4015 lapidibus
911 3901 1118 4020 molaribus
1139 3915 1177 3989 et
1199 3903 1391 3989 frumentis
1410 3901 1460 3990 ad
1482 3933 1602 4021 rpsum
1624 3899 1875 3988 molendinum
1896 3899 2101 4020 oportunis,

476 4046 551 4110 uos
578 4031 616 4104 et
643 4019 763 4128 nostri
792 4047 1041 4108 successores
1068 4018 1164 4110 duas
1193 4033 1338 4136 partes,
1379 4021 1547 4139 prelatus
1573 4047 1672 4114 vero
1695 4017 1948 4108 Przeczslaus
1975 4029 2015 4109 et
2043 4015 2101 4103 sui

476 4163 727 4226 successores
748 4138 901 4244 terciam
923 4135 1128 4254 inpendere
1149 4137 1391 4244 debebimus,
1450 4139 1508 4230 sic
1527 4150 1670 4244 umen,
1703 4135 1805 4256 quod
1825 4137 1930 4255 ligna
1948 4161 2102 4253 repara·

477 4252 575 4345 oioui
597 4251 763 4342 eiusdem
783 4253 999 4360 molendini,
1030 4257 1133 4374 prius
1151 4256 1276 4346 dictus
1295 4255 1548 4346 Przeczslaus
1567 4268 1606 4354 et
1626 4255 1682 4342 sui
1703 4283 1951 4356 successores
1971 4263 2101 4342 custo-

476 4367 558 4460 tlire
586 4399 634 4460 ac
660 4370 857 4479 ordinare,
885 4385 1069 4492 aptareqe
1097 4401 1146 4462 ao
1172 4377 1293 4492 ipsum
1320 4373 1571 4466 molendinum
1594 4383 1781 4490 'reparare
1809 4375 1889 4462 suis
1918 4369 2101 4491 inpensis,

477 4500 516 4579 et
534 4515 607 4576 uos
627 4491 822 4607 noslriqoe
842 4519 1093 4582 successores
1113 4492 1330 4586 conducere
1349 4492 1568 4583 tenebimur.
1628 4491 1807 4582 Ceterum
1827 4519 2013 4612 aggerem
2034 4517 2103 4578 seu

454 4781 482 4821 ”
578 4785 621 4889 l²‚l
647 4785 728 4888 Situs
742 4790 876 4890 Ιοιισιιιιιι
891 4791 939 4859 ln'o
952 4793 1142 4894 laudatorum
1155 4791 1288 4896 lucilelu
1299 4791 1411 4896 tabulis
1425 4793 1630 4896 geographicis
1644 4793 1796 4895 depignari
1810 4799 1945 4895 possunt
1960 4789 2100 4894 ,Florius

475 4869 652 4958 Zwowrco,
667 4883 742 4942 etro
756 4895 927 4964 propinquo
942 4877 1076 4962 ejusdem
1089 4879 1155 4946 ulla
1175 4873 1280 4961 osea
1293 4887 1364 4947 sunt
1374 4901 1405 4947 ιιι
1420 4888 1572 4948 urneno
1585 4887 1617 4948 et
1630 4899 1755 4967 regroue
1769 4878 1979 4967 Opotorrensr.
