4896 5926
1014 765 1264 878 ..op-

322 963 475 1056 dominu
507 964 601 1052 lesu
635 963 797 1051 Cbristo.
850 962 1092 1052 Uniuersituti
1121 979 1248 1055 vestre
1276 979 1409 1054 tenore
1437 968 1674 1084 presencium
1708 966 1957 1060 declaremus

184 1113 188 1118 ·
323 1082 443 1204 quod¹
462 1085 615 1170 materie
644 1082 891 1171 dissensionis
920 1085 1120 1188 suscitate,
1157 1087 1253 1173 inter
1280 1100 1548 1201 procuratores
1584 1085 1811 1174 Pomorenie
1841 1119 1957 1178 vene-

321 1201 450 1288 rubilis
480 1204 516 1289 in
545 1200 697 1289 Christo
727 1204 844 1320 petris
874 1201 1014 1318 domiui
1043 1201 1173 1290 Alberi
1205 1199 1550 1320 Wlndysleuieosis
1578 1203 1738 1292 ecclesie
1766 1203 1957 1326 Episcopi,

233 1356 234 1359 ¹
311 1319 491 1408 ‚eiusdem
522 1321 607 1405 vice
633 1349 683 1404 ex
705 1349 777 1406 unn
798 1333 927 1440 perte,
957 1335 994 1408 et
1014 1349 1086 1408 nos
1113 1335 1150 1408 et
1170 1336 1339 1410 nostrum
1361 1337 1585 1409 conuentum
1607 1353 1654 1408 ex
1675 1323 1812 1430 altere,
1841 1357 1958 1444 super

322 1439 517 1526 solucione
547 1437 804 1542 deeimarum·
827 1469 938 1556 quern
966 1439 1022 1525 eis
1053 1439 1204 1526 soluere
1231 1437 1517 1560 denegobernus
1546 1439 1715 1534 villorum
1743 1453 1956 1532 nostrerum

322 1558 635 1674 subscriptorum:
665 1555 814 1643 tandem
842 1557 1042 1644 retroactis
1068 1558 1298 1676 temporibus
1326 1557 1449 1646 multis
1479 1572 1517 1644 et
1536 1557 1850 1648 altercacionibus
1870 1561 1957 1649 bino

320 1672 409 1764 inde
438 1673 592 1782 bebitis;
627 1673 677 1761 ed
706 1704 844 1793 preces
873 1690 1041 1780 nostroe,
1078 1676 1239 1762 omnium
1269 1675 1441 1764 videlieet
1473 1689 1510 1762 et
1539 1675 1595 1763 sin
1652 1677 1772 1765 lorum
1803 1679 1957 1768 botrum

322 1793 439 1882 nostri
459 1807 688 1899 conuentus,
715 1792 837 1881 dictus
858 1793 1031 1882 dominus
1050 1790 1194 1913 Episoo
1222 1825 1284 1898 us,
1314 1793 1440 1882 bebitn
1459 1791 1559 1882 bonu
1581 1706 1879 1902 ddliberecioue,
1909 1828 1956 1886 ex

321 1913 434 2118 pleno
470 1939 659 2000 consensu
696 1901 952 2018 dominorum,
992 1912 1158 2000 scilieet:¹
1252 1913 1289 1999 iti
1324 1912 1522 2032 prepositi,
1563 1907 1753 2032 Lypberdi
1789 1911 1954 2022 Deceni,

360 2029 537 2147 encesluy
566 2027 766 2120 Scelestiei
796 2043 833 2120 et
860 2029 1086 2150 Sendiuogii
1109 2031 1280 2118 cononici
1302 2095 1628 2118 ...........
1651 2031 1817 2150 capituli,
1844 2033 1956 2122 tolern

320 2149 515 2237 nobiseum
536 2149 637 2236 iniuit
656 2150 993 2268 composicionem:
1024 2145 1126 2268 quod
1148 2213 1157 2233 .
1178 2213 1188 2235 .
1269 2214 1279 2234 .
1300 2215 1309 2234 .
1330 2147 1509 2254 villarum,
1542 2178 1639 2267 quos
1659 2178 1759 2237 nunc
1778 2149 1955 2268 posside·

321 2297 405 2354 mus
434 2265 674 2359 considerate
704 2267 897 2356 estimecio
918 2267 1021 2380 (sic),
1051 2298 1124 2386 que
1155 2265 1364 2354 extenditur
1392 2267 1505 2384 poulo
1535 2267 1640 2384 plue,
1668 2297 1780 2386 quem
1808 2267 1858 2356 nd
1887 2299 1956 2358 sex

320 2393 473 2472 murbes
501 2385 735 2472 Turonensis
755 2400 921 2491 monete,
952 2384 1121 2472 decimus
1141 2383 1250 2472 nubis
1271 2383 1375 2470 dedit
1395 2397 1433 2470 et
1452 2385 1641 2504 esigoeuit
1661 2385 1744 2496 (sic)
1775 2384 1892 2474 libere
1918 2401 1957 2474 et

321 2504 448 2621 quiete
477 2503 513 2588 in
540 2517 760 2618 perpetuum
787 2500 1069 2618 percipiendos:
1104 2517 1142 2588 et
1168 2531 1240 2588 nos
1275 2503 1308 2587 ei
1338 2517 1375 2588 et
1404 2503 1484 2589 suis
1510 2503 1818 2609 successoribus,
1854 2506 1954 2592 iustu

320 2620 602 2708 estimecionem
638 2616 806 2705 eiusdem
842 2619 1022 2736 temporis
1058 2617 1287 2704 decimarum
1319 2616 1591 2735 predictorum,
1627 2635 1784 2738 propter
1813 2621 1954 2708 bonum

320 2737 427 2856 pecis
448 2753 485 2825 et
505 2733 727 2841 concordie,
752 2735 860 2823 unnis
881 2737 936 2822 sin
995 2734 1038 2823 lis
1059 2735 1095 2824 in
1116 2736 1214 2822 leste
1234 2735 1332 2822 beuti
1352 2735 1521 2838 Martini,
1551 2737 1694 2852 prelete
1716 2754 1865 2824 monete
1885 2767 1955 2826 sex

320 2881 481 2960 merces,
510 2855 592 2942 sine
612 2853 860 2941 diminucione
880 2866 918 2941 et
965 2852 1176 2941 ubitocioue
1198 2852 1378 2971 quelibet,
1408 2853 1690 2971 persoluemus,
1721 2867 1760 2939 et
1778 2851 1829 2940 ud
1850 2884 1954 2942 meu-

322 3003 402 3060 sem
424 2975 558 3091 ipsius,
579 2970 686 3062 etad
708 3001 861 3060 suorum
884 2986 1167 3089 procuratorum
1190 2971 1380 3076 utilitates,
1406 2979 1458 3074 [et
1478 2976 1513 3072 l]
1534 2972 1796 3058 necessitatem
1817 2969 1966 3085 ibidem

321 3091 563 3180 existencium
583 3094 624 3179 in
644 3092 784 3178 nostris
803 3088 1041 3194 molendium,
1068 3089 1129 3176 ubi
1149 3091 1205 3178 eis
1226 3090 1349 3208 mogis
1369 3087 1607 3180 commodum
1629 3089 1745 3194 luerit,
1765 3119 1953 3178 annonem

318 3207 369 3295 ed
440 3209 595 3298 emlibet
612 3209 768 3297 lennem
787 3207 1017 3312 laciendum,
1048 3222 1086 3295 et
1105 3207 1271 3298 bruslum
1291 3206 1482 3326 quodlibet
1502 3206 1727 3311 eorundem,
1758 3206 1840 3296 sine
1859 3237 1954 3298 con·
2091 3281 2095 3294 .

319 3239 566 3433 nadllctone,
597 3328 740 3416 molere
769 3327 889 3446 gratis
920 3326 1128 3414 tenebimur
1157 3355 1242 3413 cum
1273 3327 1422 3412 ellectu.
1475 3323 1593 3438 Quod
1624 3326 1677 3431 si,
1711 3323 1814 3441 quod
1844 3324 1954 3452 obsit,

319 3475 392 3534 nus
422 3459 461 3533 et
480 3447 616 3534 iratres
645 3445 783 3550 nostri,
799 3443 872 3544 ¹vel
893 3443 1012 3531 nostri
1038 3473 1306 3550 successores,
1337 3445 1633 3562 prenominatum
1664 3471 1820 3530 censum
1851 3441 1955 3532 dicto

319 3563 477 3652 termine
496 3563 717 3680 persoluere
736 3573 945 3682 memorato
964 3559 1120 3649 domino
1139 3559 1347 3680 Episcopo,
1367 3559 1430 3651 vel
1450 3557 1603 3664 molere,
1629 3561 1726 3648 sicut
1746 3558 1953 3678 predictum

193 3697 200 3709 '
319 3694 395 3786 est,
415 3681 770 3797 contempserimus:
801 3677 1007 3768 eorundem
1026 3679 1196 3766 villorum
1215 3676 1267 3765 ed
1288 3707 1455 3766 mensem
1477 3677 1593 3796 ipsius
1614 3677 1763 3766 decime
1782 3693 1954 3768 renerus

318 3815 388 3889 tur.
439 3796 611 3912 Quorum
642 3797 792 3885 nomino
823 3809 911 3884 sunt
939 3795 1034 3884 bec:
1074 3795 1262 3892 Alledium
1285 3798 1388 3884 circe
1410 3795 1634 3902 claustrum,
1664 3795 1767 3912 quod
1789 3797 1954 3884 eontinet

299 3919 481 4038 'quotuor
501 3913 645 4005 sortes:
680 3920 854 4030 Olyuem,
885 3919 1057 4014 Saliene,
1092 3915 1283 4024 blembouj
1300 3928 1337 4000 et
1355 3918 1552 4014 Serim'noo,
1580 3919 1739 4014 Potane,
1768 3919 1950 4015 Reicere,

179 4081 199 4100 ·
321 4039 516 4136 bonnet,
551 4035 785 4134 Goluedouo,
820 4037 1013 4133 Gronroo,
1040 4037 1216 4133 Stereou,
1246 4039 1394 4117 Boeoto
1416 4095 1426 4117 .
1447 4095 1490 4117 ..
1518 4044 1556 4116 et
1584 4033 1803 4130 heremite,
1835 4035 1952 4118 Durn-

319 4159 474 4267 topore,
496 4167 534 4240 et
555 4155 703 4248 Goion
724 4157 878 4251 ennea,
899 4155 1047 4237 Zetieoo
1067 4149 1333 4254 sinescalco
1352 4177 1437 4234 eum
1458 4147 1545 4236 ville
1565 4145 1764 4234 adiacente
1783 4145 1958 4258 eiusdem

317 4271 495 4372 numinis,
525 4284 565 4356 el
583 4274 720 4367 lienis,
752 4273 954 4366 samone,
986 4273 1208 4369 Robrodou,
1243 4271 1440 4364 Gordelrir,
1468 4268 1624 4352 llulr‘eov
1645 4327 1655 4350 .
1677 4329 1686 4350 .
1709 4329 1751 4350 ..
1783 4269 1951 4352 Veordoo

318 4401 356 4475 et
380 4389 563 4474 Korblov
584 4382 650 4500 (²).
688 4383 739 4474 Et
757 4403 799 4473 ut
816 4386 890 4472 bec
910 4387 1034 4471 omnio
1054 4399 1091 4472 et
1111 4384 1279 4504 singule,
1309 4413 1333 4470 n
1354 4381 1465 4472 nobis
1485 4395 1524 4469 et
1542 4411 1566 4470 u
1586 4381 1726 4470 nostris
1745 4411 1950 4472 successu·

417 4635 458 4721 Ρ)
490 4633 579 4704 Oliva
600 4637 746 4724 oppidum
770 4655 838 4702 eum
866 4633 1064 4711 mensorio,
1090 4655 1152 4702 uon
1173 4633 1310 4700 milliario
1334 4631 1372 4698 eb
1394 4629 1470 4698 urbe
1495 4630 1622 4698 Gednno
1643 4631 1740 4698 distet
1777 4629 1949 4710 &neon

321 4717 487 4808 Cloenboui
507 4721 632 4788 fortusse
646 4722 775 4796 Kionin,
798 4717 960 4791 Seirrdnon
979 4719 1106 4786 fortusse
1122 4717 1340 4794 Selennienore
1360 4715 1390 4782 in
1406 4715 1556 4782 territorio
1571 4716 1821 4804 Regiomontuno,
1836 4713 1950 4780 Pelen·

316 4803 380 4880 lar,
393 4825 500 4871 corneo
511 4805 598 4872 rilleo
608 4805 692 4890 juxte
706 4805 825 4872 Olivam
841 4805 923 4872 sitne
944 4803 1107 4870 stiolrouo
1120 4803 1186 4868 sine
1199 4803 1290 4870 dubio
1302 4801 1445 4868 ltimore
1458 4799 1488 4866 io
1500 4801 1650 4866 territorio
1661 4799 1843 4866 (ledonensi.
1867 4797 1948 4877 Quid

316 4887 372 4954 sibi
394 4887 466 4954 relit
489 4887 656 4968 Oioebneb,
678 4889 798 4956 difficile
819 4897 866 4956 eet
885 4887 1056 4974 coniectum
1078 4888 1214 4975 sesequi:
1235 4895 1336 4954 utrum
1356 4883 1465 4953 aanor
1479 4883 1509 4950 in
1526 4883 1675 4951 territorio
1696 4883 1886 4960 Gedunensi,
1909 4903 1948 4948 un

430 5007 521 5058 'lemno
538 5009 571 5059 ll.
1746 4999 1777 5056 ld
