4922 5936
1118 677 1394 751 „tla-

332 961 336 968 .
431 887 615 1024 astringo.
652 883 695 970 ln
716 911 811 972 casu
830 897 975 988 auem,
1004 878 1108 995 quod
1131 877 1227 967 deus
1246 879 1424 981 aullcrat,¹
1455 877 1488 972 si
1509 875 1599 998 quid
1620 875 1833 964 lumadms
1860 877 1896 968 io
1916 879 2070 998 predic·

431 1007 479 1094 tis
499 1005 582 1122 lrlijs
603 1002 742 1088 domini
761 1001 886 1121 Regis
907 999 1133 1118 contingerit
1152 995 1255 1108 (sio),
1286 1027 1358 1113 pro
1378 989 1508 1084 illustri
1529 995 1603 1082 lrlia
1625 1016 1694 1082 sua
1714 993 1916 1116 Hedwigi,
1950 999 2068 1119 virgi·
2149 1073 2156 1088 .

431 1153 480 1210 ne
505 1119 672 1210 nondum
700 1134 835 1236 nupta,
867 1119 1038 1206 ciuitates
1067 1129 1104 1201 ct
1135 1128 1263 1203 castra
1293 1111 1504 1202 huiusmodi
1532 1113 1639 1202 simili
1680 1113 1756 1202 lrde
1785 1114 1997 1204 custodiam
2031 1133 2069 1206 et

431 1239 606 1329 seruabo.
642 1235 800 1344 Harum,
820 1237 957 1350 quibus
977 1235 1138 1354 sigilium
1159 1247 1282 1320 meum
1303 1249 1362 1322 est
1381 1239 1607 1352 appensum,
1628 1234 1840 1321 testimonio
1862 1233 2066 1324 literarum.

431 1357 568 1446 Dolum
598 1357 634 1442 in
664 1361 873 1457 Cacumen,
905 1356 997 1442 leria
1017 1369 1125 1442 sexta
1147 1353 1319 1469 proxima
1336 1355 1428 1470 post
1446 1354 1583 1472 lectum
1603 1353 1726 1440 sancti
1756 1350 1932 1460 Andrec,
1963 1381 2065 1444 acuo

343 1591 349 1602 ι
432 1475 572 1566 domini
595 1473 789 1564 millesimo
810 1471 1185 1596 quadringentesimo
1202 1469 1415 1560 XX‘oooo.

1076 1779 1433 1917 uoouuuu.
1608 1780 1612 1789 ’

511 2029 885 2168 Ptortroctom
912 2047 1068 2114 onoc
1093 2026 1235 2113 14³1
1262 2028 1355 2112 otte
1379 2026 1444 2110 11
1470 2017 1672 2111 sumto
1695 2022 1990 2112 sancero.

438 2229 666 2302 summes
690 2227 948 2319 aruspicum
970 2227 1199 2320 respuam,
1223 2210 1420 2318 privilegiu
1439 2223 1512 2300 nol
1527 2225 1617 2318 unt,
1643 2245 1704 2322 oco
1716 2227 1879 2304 termus
1892 2228 2067 2300 Parum

334 2417 340 2428 Ι
432 2332 581 2406 cuuto
600 2330 752 2422 Uritano
772 2333 807 2404 ot
819 2327 931 2404 locuni
950 2344 1104 2402 oorrom
1124 2331 1195 2401 uu
1208 2327 1358 2411 oomni,
1378 2329 1473 2423 iloto
1492 2329 1684 2422 corrupta·
1701 2333 1806 2403 nun
1820 2330 2000 2424 onomat
2013 2335 2067 2419 (¹).

534 2519 576 2606 ln
606 2519 754 2606 nornine
784 2517 944 2637 dominj,
973 2549 1094 2606 amen.
1143 2517 1230 2608 Nos
1258 2516 1474 2622 lohannes,
1502 2518 1562 2605 dei
1591 2521 1727 2638 gracia
1752 2519 2064 2637 archiepiscopus

432 2637 710 2756 Leopoliensis‚
731 2636 781 2723 ad
803 2639 1063 2725 universorum
1084 2654 1158 2724 tam
1181 2637 1417 2755 presencium
1441 2667 1551 2756 quarn
1574 2637 1778 2725 luturorum
1799 2639 1972 2724 noticiam
1993 2639 2061 2726 de·

430 2755 602 2844 ducimus
621 2782 691 2872 per
709 2771 927 2872 presentes:
978 2755 1096 2869 Quod
1116 2785 1247 2844 coram
1266 2755 1376 2846 nobis
1396 2755 1645 2873 personaliter
1664 2757 1889 2858 constitutio
1917 2755 2057 2845 discrc

429 2876 477 2963 tis
497 2875 565 2980 vir,
587 2872 1130 2995 dominusAlbertusZegothe
1143 2875 1192 2994 de
1205 2881 1393 2990 Pyotrow,
1410 2874 1595 2994 plebanus
1616 2873 1791 2963 Ecclesia
1813 2873 2059 2994 parrochialis

429 2993 467 3079 io
487 2994 710 3099 Ruretlow,
740 2989 906 3082 diocesis
930 2991 1219 3099 cracoviensis,
1251 3009 1381 3082 tenens
1403 2995 1482 3081 sois
1504 2995 1540 3080 in
1563 2990 1750 3090 manibus,
1772 2991 1965 3112 quoddam
1986 2993 2060 3112 pri·

429 3109 605 3228 vilegium
627 3111 664 3197 in
684 3141 918 3230 pergameno
940 3114 1135 3228 scriptum,
1167 3109 1363 3200 reuerendi
1385 3114 1421 3199 io
1440 3111 1593 3200 Christo
1609 3113 1727 3231 patris
1749 3111 1890 3200 domini
1909 3109 2059 3208 Mathia.

428 3227 717 3348 eodemgracia
745 3231 832 3318 olirn
851 3227 1033 3349 Episcopi
1065 3229 1410 3340 Wladislauiensisj,
1441 3231 1783 3350 super-scultocia,
1816 3230 1990 3334 taberna,
2020 3241 2060 3318 et

427 3345 643 3436 molendino
663 3349 896 3464 conlectum,
925 3378 1071 3456 sanum,
1093 3347 1237 3439 salvum
1259 3365 1296 3438 at
1322 3351 1527 3471 integrum,
1558 3379 1635 3438 ooo
1664 3380 1813 3456 rasum,
1843 3378 1920 3436 nou
1940 3347 2060 3436 aboli-

427 3475 522 3572 tum,
559 3462 631 3554 sed
666 3468 766 3556 omni
818 3497 950 3556 rorsus
980 3469 1076 3558 vicio
1105 3481 1143 3556 et
1171 3470 1388 3586 suspicione
1420 3499 1578 3572 carens,
1618 3466 1769 3556 duobus
1802 3469 1834 3556 si
1866 3467 1952 3564 illis,
1982 3495 2059 3556 uoo

428 3581 599 3716 eiusdem
618 3497 931 3678 conutitutis
950 3581 1153 3704 Episcopi,
1186 3601 1224 3674 et
1253 3587 1371 3676 altero
1403 3586 1501 3677 dicto
1532 3585 1696 3676 ecclesio
1728 3498 2061 3678 ll'ladislavieusis

428 3727 486 3788 sur
506 3701 675 3817 capituli,
691 3704 729 3790 iu
747 3703 915 3793 cordulis
931 3705 1086 3809 sericeis
1103 3703 1231 3794 viridis
1245 3707 1388 3794 coloris
1406 3706 1686 3822 subappensum
1704 3705 1806 3816 (sic),
1835 3699 2057 3818 sigillatum:

433 3815 552 3932 Quod
576 3818 726 3940 quidem
753 3821 915 3940 sigillum
937 3822 1024 3910 dicti
1045 3823 1182 3911 donini
1209 3822 1352 3936 Mathia
1380 3820 1560 3939 Episcopi
1586 3821 1652 3912 luit
1678 3821 1846 3942 oblonga
1865 3823 1989 4026 figure
2009 3819 2059 3910 do

428 3963 520 4039 ocra
540 3939 738 4044 communi,
758 3938 933 4028 videlicet
950 3940 1057 4048 alba,
1089 3941 1186 4028 intus
1207 3956 1244 4028 et
1264 3941 1313 4028 ab
1335 3954 1441 4028 extra
1461 3941 1619 4047 lactum:
1651 3939 1689 4026 in
1710 3939 1814 4026 cuius
1832 3939 1893 4058 qui
1922 3969 1983 4028 em
2002 3939 2055 4028 si-

427 4053 506 4172 gilli
525 4053 669 4163 medio,
700 4056 867 4169 quadarn
883 4085 1025 4175 ymago
1057 4057 1331 4176 pontificalibus
1360 4057 1512 4164 induta,
1538 4089 1687 4146 manum
1716 4055 1885 4144 dextrum
1915 4055 1967 4144 ad
1988 4055 2054 4147 be·
2158 4111 2162 4120 ·

426 4169 676 4263 dedicendum
695 4173 921 4281 extendens,
939 4177 974 4264 io
990 4205 1101 4264 manu
1121 4205 1214 4264 vcro
1234 4177 1385 4267 sinistra
1407 4190 1539 4266 tenens
1555 4175 1728 4266 baculum
1743 4173 1988 4294 pastoralem,
2018 4175 2056 4262 in

428 4287 593 4406 quodam
622 4287 789 4408 Cyborio
817 4307 924 4382 stans
947 4293 1097 4412 sculpta
1124 4295 1354 4412 apparebat,
1384 4296 1457 4384 sub
1488 4327 1565 4416 quo
1597 4291 1764 4412 Cyborio
1801 4293 1945 4412 clipeus
1984 4321 2054 4411 pro

426 4409 541 4501 armis
559 4407 706 4500 tabens
734 4439 887 4504 cursem
917 4411 1141 4502 admodum
1171 4420 1283 4518 dou,
1312 4413 1481 4533 sculptus
1506 4411 1737 4533 apparebat:
1787 4409 1830 4502 ln
1860 4411 2055 4502 circumle-

426 4813 455 4870 ω
526 4716 567 4872 pt)
592 4721 640 4788 Ex
656 4725 816 4814 umhoupo
829 4727 1061 4798 mornacoo
1074 4729 1212 4797 hbrrlarii
1226 4730 1347 4843 capituli
1362 4718 1632 4799 wlodouutemlc
1667 4729 1762 4818 Sigilli
1776 4731 1896 4818 abrupti
1911 4727 2051 4819 superest

457 4825 555 4874 euros
569 4827 760 4895 pergameno.
