4876 5940
804 697 1371 824 ...froo-

417 907 584 1007 Jarostio
606 915 858 1019 emoniensi,
889 911 1051 1002 Nicolao
1070 897 1287 1000 lanciciensi
1308 909 1559 1019 cancellariis,
1586 909 1780 998 canonicis
1799 912 2051 1002 cracouieusi-

250 1069 271 1146 ᾗ
418 1038 510 1140 bus,
541 1035 656 1123 Petro
678 1035 882 1152 capitaneo
912 1046 1043 1119 nostro
1071 1031 1296 1136 cuiauiensi,
1326 1027 1520 1235 Nawoffio
1550 1028 1832 1118 subcamerario
1859 1030 2049 1118 sandomi-

418 1155 549 1256 riensi,
577 1149 751 1240 Johanno
779 1149 987 1238 castellano
1015 1148 1064 1237 de
1088 1155 1248 1252 Breeco,
1280 1163 1317 1236 et
1336 1148 1416 1236 aliis
1437 1147 1604 1266 poribus
1630 1145 1706 1233 fide
1727 1145 1862 1265 dignis.
1911 1147 2049 1238 Datum

258 1327 269 1338 -
418 1285 510 1392 aput
528 1271 612 1384 (sic)
643 1275 846 1372 Wulioimn,
868 1269 906 1356 in
926 1283 1063 1358 octaua
1083 1267 1280 1356 beatorum
1301 1265 1404 1356 Petri
1424 1279 1463 1356 et
1481 1266 1592 1354 Pauli
1611 1265 1881 1384 apostolorum.

1138 1595 1331 1716 ccxlv.

250 1905 254 1912 ·
416 1835 977 1984 susocionnomine,
1003 1887 1161 1954 anno
1186 1863 1330 1952 1³14
1354 1867 1450 1952 ore
1472 1865 1545 1954 12
1571 1885 1738 1954 mm.
1776 1865 2046 1956 nemone

415 2073 571 2147 lucsco
585 2073 656 2146 ltux
670 2069 819 2166 oderim
833 2071 868 2143 et
880 2067 1028 2142 nonum
1041 2067 1266 2143 modernum
1281 2069 1481 2144 donattuuom
1494 2069 1639 2144 ultorum
1655 2071 1779 2138 Wozino
1792 2071 1893 2165 major
1906 2075 1942 2145 et
1954 2071 2052 2147 minor

417 2173 603 2248 struamus
617 2173 694 2260 ruis,
709 2171 846 2245 ttucitur
860 2170 1028 2244 mutulae
1043 2173 1078 2243 ot
1092 2171 1258 2260 desinire,
1277 2186 1336 2244 neu
1355 2189 1417 2244 uon
1430 2171 1526 2244 uittae
1546 2171 1729 2239 wannoc
1743 2189 1763 2244 a
1778 2171 1899 2247 domito
1912 2171 2052 2248 lntrloo

684 2272 835 2346 coorotto
848 2271 1064 2364 decurrunt,
1078 2269 1295 2346 ounnonm
1308 2271 1435 2355 nunu,
1449 2273 1566 2346 amem
1581 2271 1745 2346 oculrnat
1758 2273 1806 2358 (¹t.

520 2497 562 2584 ln
579 2495 728 2584 nomine
742 2492 910 2600 Domini,
930 2494 1063 2581 Amen.
1095 2491 1345 2612 Experiencia
1361 2493 1518 2582 discitur
1532 2495 1627 2604 (sic),
1643 2509 1752 2581 actus
1773 2493 1981 2584 mortalium
2002 2499 2052 2584 ab

419 2615 590 2704 humanis
611 2612 720 2700 evelli
741 2611 925 2700 mentibus
945 2613 1125 2730 temporis
1145 2641 1215 2730 per
1235 2611 1449 2714 decursum,
1469 2614 1501 2700 si
1516 2641 1590 2698 non
1605 2614 1739 2699 luerint
1754 2612 1954 2700 litterarum
1969 2617 2051 2732 api·

420 2734 527 2822 cibus
549 2745 587 2820 et
606 2732 754 2818 testium
775 2730 1013 2820 amminiculo
1034 2742 1274 2848 posterorum
1294 2732 1432 2819 noticie
1452 2729 1714 2817 commendati.
1750 2727 1964 2850 Eapropter
1979 2761 2052 2820 nos
2074 2809 2082 2828 ,

417 2850 596 2955 Lesthco,
626 2849 696 2936 Dei
723 2849 856 2968 gracia
877 2850 965 2936 Dux
995 2847 1165 2965 Cuyavie
1185 2864 1222 2936 et
1241 2848 1427 2937 Dominus
1448 2846 1717 2953 wladislaum,
1747 2861 1924 2939 constare
1943 2849 2052 2938 volu·

417 2999 503 3058 mus
522 2969 727 3068 universis,
754 2967 951 3084 presencia
972 2965 1105 3058 audire
1125 2967 1438 3086 contingentibus:
1459 2965 1568 3172 ,de
1588 2967 1638 3054 ob
1658 2965 1970 3103 recordacionem
1992 2969 2054 3104 pie
2086 2959 2094 2976 '

417 3086 547 3176 matris
567 3099 697 3174 nostro
716 3084 913 3189 Salomee,
941 3086 1100 3202 ejusque
1119 3085 1242 3172 anime
1263 3113 1333 3200 pro
1354 3115 1457 3172 reme
1486 3086 1540 3190 io,
1567 3112 1615 3172 ac
1635 3083 1811 3204 specialis
1832 3083 2054 3174 deuocroms

418 3205 567 3307 intuitu,
599 3233 711 3321 quam
731 3203 781 3290 ad
802 3201 971 3290 ordinem
994 3197 1048 3314 (²)
1080 3200 1221 3290 habere
1241 3203 1491 3308 dinoscimur,
1520 3202 1685 3292 Domino
1713 3201 1894 3290 Cunrado
1915 3203 2054 3292 Abbati

417 3337 454 3412 ct
474 3322 650 3408 iratribus
671 3322 753 3436 ejus
773 3320 839 3432 (³),
867 3319 1007 3410 ordinis
1036 3320 1311 3437 Cysterciensis
1337 3323 1374 3407 in
1391 3326 1592 3435 Byssomo,
1622 3319 1851 3408 hereditates
1870 3319 2054 3410 videlicet·

415 3471 586 3556 monum
615 3445 778 3554 Wozyno
799 3469 883 3527 cum
899 3469 1023 3553 porco
1044 3439 1081 3526 in
1103 3440 1289 3528 territorio
1311 3437 1627 3557 Wissegrodensi
1648 3435 1713 3550 (⁴),
1734 3467 1830 3555 quas
1847 3441 1917 3525 rita
1936 3467 2055 3526 aoru-

418 3557 685 3646 ciouabilitera
701 3558 876 3645 iratribus
889 3558 1028 3644 nostris
1041 3555 1192 3647 illustris
1208 3558 1291 3671 (sic)
1312 3557 1541 3678 principibus
1560 3553 1628 3669 (⁵),
1649 3555 1847 3644 Premislio
1867 3571 1905 3645 et
1923 3556 2055 3674 Kozy-

250 3777 259 3788 ,
416 3676 532 3780 miro,
554 3676 758 3790 empcionis
780 3675 896 3792 tytdo
917 3705 986 3763 sue
1006 3673 1132 3763 domui
1153 3676 1365 3762 eternaliter
1393 3673 1658 3796 possidendos,
1679 3687 1810 3764 nostra
1830 3675 2055 3792 captiuitatis

416 3791 625 3898 interuallo,
647 3806 930 3912 compararunt,
960 3821 1128 3882 necnon
1149 3792 1405 3900 hereditatem,
1433 3823 1508 3914 que
1536 3798 1786 3882 Cetzersone'cz
1805 3789 1859 3905 (⁰)
1882 3793 2054 3913 appella·

517 4075 557 4162 (¹)
584 4075 631 4142 Ex
647 4075 808 4176 archetypo
822 4073 1071 4176 membranaceo,
1091 4075 1173 4190 quod
1193 4075 1224 4143 in
1238 4075 1387 4177 montorio
1401 4077 1616 4178 {canoniensis
1630 4075 1802 4178 provinciae
1816 4075 1969 4178 privilegia
1982 4075 2053 4142 sub·

416 4161 1337 4346 llllll'dllllllllnlrlldll&miltiadi
1347 4161 2053 4346 lttt‘tttttttl‘tltdttttt

418 4329 540 4396 alternus
555 4330 735 4418 exemplans
750 4331 863 4400 rbrdem
878 4339 1025 4400 asseruotr
1033 4376 1043 4408 ,
1076 4331 1155 4397 rdem
1171 4329 1360 4398 doctissumus
1374 4333 1430 4399 Vir
1445 4329 1568 4399 inferrus
1583 4354 1615 4396 ιιι
1630 4337 1709 4398 notro
1723 4329 1858 4398 laudatus
1872 4330 2052 4396 obseruaurt.

421 4413 553 4481 Alterius
567 4415 747 4562 exonrflnris
762 4415 892 4501 sigillum
904 4415 1072 4565 'obesorum⁸
1083 4435 1249 4502 appensum
1263 4423 1329 4518 erut
1342 4415 1475 4484 amiato
1489 4437 1508 4484 o
1521 4415 1579 4483 filis
1592 4415 1681 4484 lineis
1694 4421 1783 4496 torto,
1796 4413 1904 4484 cotom
1917 4413 2011 4482 rubri

531 4501 546 4622 ἶ
586 4501 654 4648 lini
667 4500 926 4649 temlaffltlurr.
1003 4501 1139 4567 ormnem
1153 4512 1383 4587 cyooercoenaem

527 4663 560 4830 η
587 4605 776 4813 Polsseiddem
791 4667 1040 4773 ΙΨίεεοφοιίσηοι·
1052 4665 1119 4735 odd.
1132 4668 1220 4736 sitne.

532 4831 562 4916 ο)
590 4753 925 4903 ἓωὶῖἧῖῗιὴοωι
937 4843 969 4902 n
987 4834 1253 4922 mammam
1266 4835 1444 4926 campus
1509 4787 1512 4794 ’
1673 4821 1679 4836 ·
