4896 5926
1008 752 1283 826 -103-

326 963 484 1069 propter
511 981 583 1040 nos
615 952 779 1043 Alberus
809 953 935 1042 diuina
955 955 1202 1044 miseracione
1230 953 1561 1043 Wladislauiens'is
1581 952 1817 1072 Episcopus,
1848 924 1990 1044 Vitus

326 1067 1211 1312 ttttt'tnlltldlltttltttlttt
1228 1071 1959 1303 ttlltttldtltlltltllll

326 1305 480 1395 racione
512 1323 549 1394 et
578 1311 765 1396 communi
800 1337 991 1400 consensu
1026 1310 1179 1400 iratruur
1209 1327 1445 1412 nostrorum,
1481 1309 1591 1396 talem
1622 1309 1959 1398 commutacionem

327 1425 481 1511 lecimus
517 1457 602 1512 oum
638 1425 783 1515 Comite
819 1425 994 1544 Nycolao
1032 1428 1251 1516 Castelleno
1286 1427 1334 1513 de
1375 1434 1511 1541 szno
1538 1423 1614 1540 (Ξ),
1653 1427 1730 1515 lilio
1766 1425 1958 1548 quondam

326 1541 612 1660 Woycecbonis
642 1544 792 1634 heredis
822 1543 872 1634 de
890 1551 1046 1632 lordono
1068 1543 1145 1658 (³):
1187 1543 1304 1660 Quod
1324 1573 1415 1654 nos,
1445 1559 1600 1666 recepta
1620 1545 1670 1633 ab
1691 1547 1774 1664 ipso
1795 1547 1831 1632 in
1852 1573 1957 1632 oom-

325 1661 537 1750 mutaoiono
550 1663 638 1780 jure
657 1661 884 1753 hereditario
906 1677 944 1750 ct
963 1665 1000 1751 in
1018 1677 1249 1784 perpetuum,
1271 1693 1399 1751 coram
1422 1661 1530 1748 Duce
1551 1679 1588 1752 et
1608 1663 1824 1752 Batonibus
1846 1663 1957 1751 Cuia-

326 1779 531 1868 wiensibus
552 1779 637 1868 villa
658 1782 792 1899 ipsius,
820 1811 894 1902 que
913 1785 1122 1896 Souloopoj
1135 1781 1330 1902 wlgariter
1350 1795 1618 1898 nunccupatur,
1645 1783 1715 1869 sita
1737 1783 1772 1867 in
1794 1781 1958 1870 dominio

325 1895 597 2014 Z.liemomysli)
612 1899 720 1986 ducis
737 1901 917 2008 Cuiawie,
933 1915 970 1988 et
986 1903 1022 1986 in
1039 1901 1266 1988 Castellania
1283 1905 1436 1988 quenis
1455 1905 1701 2015 ll'lodpzlooic
1710 1897 1764 2012 (⁴),
1785 1898 1958 1988 dedimus

326 2017 426 2103 dioto
459 2015 593 2134 Comitj
625 2013 839 2136 N.(ycolao)
870 2049 940 2137 pro
967 2020 1070 2138 ipsa,
1098 2021 1137 2108 iu
1158 2017 1292 2108 eadem
1313 2019 1614 2138 permutacione,
1645 2019 1766 2106 villam
1788 2031 1956 2106 nostram

324 2141 508 2250 Porosgno
529 2132 598 2246 (⁵),
630 2165 713 2223 oum
746 2137 917 2228 omnibus
948 2137 1187 2256 purtinenoijs
1215 2153 1251 2225 et
1264 2137 1412 2256 juribus
1442 2139 1580 2256 ipsium
1610 2139 1646 2224 in
1668 2137 1830 2225 dominio
1865 2139 1957 2250 Cyr-

324 2260 433 2342 nensi
448 2250 499 2364 (θ)
520 2257 709 2364 situatam,
741 2255 812 2345 sibi
840 2271 876 2344 et
897 2257 977 2344 suis
996 2255 1200 2344 heredibus
1214 2255 1302 2376 jure
1323 2254 1548 2345 hereditario
1576 2255 1735 2376 pacifico
1763 2257 1798 2342 in
1820 2285 1957 2374 perpe·

324 2386 424 2459 tuum
446 2371 728 2488 possidendam.
774 2371 834 2459 Ne
855 2375 968 2494 igitur
989 2371 1199 2462 huiusmodi
1220 2374 1452 2491 permutaeio
1475 2387 1549 2460 tam
1570 2373 1825 2492 sollempniter
1845 2373 1956 2477 lacta,
2046 2372 2049 2380 ’
2075 2471 2083 2488 ,

322 2491 359 2576 in
391 2487 541 2574 dubium
571 2491 697 2576 veniat
731 2491 767 2578 in
798 2505 1009 2608 posterum,
1044 2505 1108 2577 aut
1138 2522 1207 2610 per
1236 2490 1401 2610 aliquam
1437 2493 1603 2608 parcium
1639 2493 1760 2610 possit
1795 2489 1955 2612 inlringi,

322 2635 484 2724 presens
519 2605 981 2724 instrumentumprelato
1019 2608 1151 2725 Comitj
1184 2605 1399 2726 N.(ycolao)
1429 2607 1621 2712 dedimus,
1656 2607 1889 2726 Epyscopali
1919 2624 1957 2696 et

206 2831 212 2838 Ι
325 2721 487 2842 Capituli
518 2722 737 2842 sygillorum
778 2725 917 2812 robore
948 2727 1221 2812 communitum.
1272 2725 1409 2812 Datum
1441 2725 1476 2814 in
1513 2731 1792 2838 Wodyzlowio,
1829 2727 1866 2812 in
1893 2723 1955 2811 dic

324 2847 463 2930 senote'·
487 2837 708 2960 Margarete
742 2842 918 2962 virginis,
953 2871 1053 2930 anno
1090 2841 1227 2929 domini
1263 2841 1322 2929 lll⁰
1356 2842 1439 2930 CC⁰
1474 2843 1736 2962 octuagesimo
1771 2839 1953 2958 secundo,
2012 2925 2015 2934 .

323 2958 533 3047 indiccione
554 2958 710 3062 decima.

323 3236 371 3294 tus
392 3228 593 3300 destructum:
622 3228 748 3296 alterum
774 3228 896 3314 majoris
920 3227 1037 3298 formae
1060 3229 1094 3295 in
1114 3227 1238 3296 dimidia
1262 3230 1309 3296 sui
1334 3237 1419 3316 parto
1440 3249 1571 3318 superna
1597 3229 1717 3298 exhibet
1740 3231 1869 3298 Matrem
1892 3231 1951 3308 dei.
2005 3245 2012 3253 '

323 3311 491 3389 sedentem,
515 3311 667 3378 Christum
682 3311 751 3378 sinu
764 3319 961 3393 tenentem,'a
975 3321 1059 3400 parte
1074 3313 1178 3385 dextra
1193 3313 1326 3398 ejusdcm
1341 3315 1521 3400 conspicitur
1534 3313 1657 3380 dimidia
1671 3315 1781 3402 aquila,
1797 3335 1814 3379 a
1829 3313 1949 3380 sinistra

322 3415 394 3462 uero
408 3395 478 3460 laur
536 3396 578 3460 asi
594 3395 696 3470 leonis:
711 3398 742 3462 in
758 3399 850 3496 altare
865 3398 989 3498 dimidia
1002 3397 1135 3463 inferiori
1150 3407 1235 3548 parto
1250 3399 1475 3484 conspiciuntur
1488 3395 1549 3466 tr'os
1564 3419 1711 3485 personae
1722 3399 1851 3484 genibus
1861 3399 1950 3465 nixae

322 3479 471 3604 prmum
499 3487 610 3630 distillo
621 3482 790 3649 (didddll
804 3482 1100 3664 ppprpffirppgplilppprg
1106 3482 1289 3632 detdliitorii
1303 3565 1560 3652 Augustoriensis,
1574 3565 1704 3654 regionis
1715 3565 1951 3636 Riebrzaucosis
1968 3565 1977 3577 '

435 3651 448 3689 ⁸
494 3647 636 3712 Uczdow
651 3647 766 3713 bodies
810 3651 929 3716 urbium
946 3651 1115 3716 Versavrae.

423 3737 447 3815 (⁴
517 3731 565 3798 illa
594 3731 789 3800 &culmum
813 3735 844 3800 iu
869 3735 1021 3804 territorio
1045 3735 1216 3802 Calbsiensi
1242 3741 1274 3802 et
1295 3735 1420 3821 regione
1447 3735 1621 3812 Wurtenoi,
1650 3735 1681 3802 in
1703 3733 1852 3806 decanatu
1877 3757 1950 3806 voro

321 3813 564 3899 Guiewkoriensi
579 3815 644 3882 sita.
1525 3876 1527 3884 ,

423 3899 463 4068 pp
495 3899 558 3964 Vid.
572 3901 636 3966 ind.
649 3902 686 3968 11.

434 3987 448 4027 θ

493 3982 602 4051 Caerulo
616 4007 641 4050 r.
661 3983 790 4072 Czyrrlco
805 3986 947 4074 oppidum
963 3987 1105 4054 territorii
1120 3989 1335 4066 Versuviensis,
1348 3989 1479 4074 regionis
1494 3989 1540 4055 sui
1555 3991 1684 4054 numinis
1699 3997 1797 4070 ceput.
