4876 5940
1165 741 1426 816 -252-

351 1042 354 1050 ,
435 941 438 952 ’
490 975 573 1036 mus
593 945 817 1035 libertatem:
839 947 972 1065 quibus
992 944 1146 1066 elapsis,¹
1159 943 1340 1033 decimam
1360 943 1611 1068 manipulatim
1629 945 1668 1031 iu
1686 973 1823 1064 mmpo
1841 961 1881 1034 ct
1894 975 2007 1034 unum
2021 949 2098 1036 ler·
2161 976 2165 988 ’
2192 905 2196 910 .

374 1101 378 1112 ·
490 1083 613 1156 tunam
633 1092 872 1186 grossorum,
893 1065 1048 1153 racione
1067 1064 1224 1164 censeas,
1245 1066 1315 1182 ipsi
1336 1079 1372 1152 et
1391 1093 1519 1151 eorum
1540 1065 1683 1182 posteri
1708 1064 1816 1154 uobis
1837 1077 1874 1153 et
1894 1095 2097 1156 successo·

308 1238 311 1246 ·
349 1279 354 1290 ,
490 1185 593 1274 ribus
613 1187 764 1290 nostris,
785 1183 942 1304 singulis
963 1185 1071 1273 annis
1092 1186 1127 1272 in
1149 1181 1210 1272 die
1230 1183 1340 1272 Reati
1360 1181 1521 1288 Martini,
1540 1181 1594 1271 de·
1611 1183 1777 1302 quolibet
1796 1213 1931 1274 mensu
1951 1185 2100 1274 solubili

488 1303 720 1424 integraliter
740 1303 889 1394 solvere
911 1303 1155 1409 tenebuntur;
1177 1334 1286 1422 quem
1308 1333 1461 1394 censum
1482 1301 1592 1424 ijdern
1613 1303 1758 1390 sculteti
1774 1303 1892 1398 nostri
1913 1319 1950 1392 et
1970 1333 2101 1393 eorum

488 1425 629 1542 posteri
659 1424 810 1544 exigent
839 1440 874 1512 et
901 1422 1095 1542 colligent,
1130 1436 1169 1509 et
1197 1421 1306 1511 nobi's
1336 1449 1384 1508 ac
1403 1419 1689 1510 successoribus
1719 1424 1859 1512 nostris
1880 1437 1944 1510 aut
1964 1423 2101 1514 nuncio

488 1545 619 1632 nostro
639 1539 689 1629 ad
709 1544 783 1631 boc
804 1545 930 1647 misso,
951 1542 1181 1662 integraliter
1201 1539 1485 1660 presentabant
1540 1539 1683 1630 Damus
1704 1543 1822 1630 eciem
1844 1540 2010 1630 scultetis
2031 1571 2100 1632 no·
2141 1585 2145 1594 ·

455 1743 460 1756 .
488 1663 574 1752 stris
595 1660 771 1780 predictis
781 1677 818 1749 et
826 1661 987 1780 posteris
998 1659 1382 1780 ipsorum,aqualibet
1402 1659 1594 1748 solucione
1610 1659 1750 1748 liberos
1759 1661 1842 1773 (sic)
1852 1660 2043 1748 tabernam
2062 1676 2102 1749 et

488 1778 749 1887 molendinum,
760 1811 833 1898 que
879 1780 1016 1897 roprijs
1036 1780 1241 1897 sumptibus
1256 1796 1296 1866 et
1309 1779 1485 1898 expensis
1501 1777 1638 1868 debent
1653 1777 1843 1886 edificare,
1864 1794 1986 1896 preter
2006 1778 2100 1868 iudi·

488 1903 545 1988 cia
567 1901 828 2020 contingencie
850 1811 960 2002 ibris,
986 1913 1024 2016 et
1045 1901 1080 1985 in
1102 1897 1255 2006 eisdem,
1278 1929 1350 2018 que
1370 1927 1440 2016 pro
1455 1897 1563 1985 nobis
1584 1913 1621 2018 et
1642 1899 1782 1986 nostris
1811 1898 2098 2012 successoribus

488 2048 740 2107 reservamus.
769 2015 957 2105 Libertate
977 2047 1069 2104 vero
1090 2016 1231 2136 elapsa,
1248 2018 1382 2134 inipso
1400 2015 1611 2104 molendino
1627 2045 1796 2105 annonas
1813 2033 1964 2106 nostros
1980 2033 2017 2106 et
2033 2047 2101 2107 no·

487 2149 649 2226 strorum
671 2165 936 2224 successorum
961 2135 1011 2224 ud
1032 2151 1200 2232 nostram
1221 2135 1360 2224 curiam
1381 2136 1627 2251 pertinentes,
1651 2136 1727 2254 ipsi
1748 2137 1894 2226 sculteti
1913 2150 1952 2226 et
1970 2161 2102 2228 eurum

488 2257 629 2462 posteri
650 2255 790 2344 molere
814 2251 1055 2356 tenebuntur,
1083 2283 1258 2344 mersura
1279 2285 1355 2342 non
1375 2269 1530 2372 recepta
1559 2253 1609 2364 de
1630 2253 1784 2342 eisdem.
1821 2253 1961 2342 dncclo
1982 2257 2102 2346 eciem

516 2373 704 2462 ereditatis
724 2387 854 2462 nostre
871 2373 1051 2492 predicte,
1065 2373 1196 2490 elapsa
1211 2375 1378 2462 libertate
1400 2387 1604 2492 prenotata,
1623 2374 1674 2462 bd
1695 2372 1862 2466 estivalia
1885 2373 2022 2480 semel,
2052 2373 2102 2463 ad
2208 2476 2211 2484 Ι

300 2485 313 2578 l
353 2546 360 2562 ι
401 2488 413 2578 ξ’
455 2581 458 2586 ,
486 2493 646 2611 yemalia
668 2515 758 2582 vero
779 2507 854 2595 ter,
884 2508 1067 2611 perpetuo
1088 2493 1196 2580 nobis
1217 2508 1255 2580 et
1275 2495 1414 2580 nostris
1434 2492 1724 2582 successoribus
1742 2492 1925 2600 arabunt,
1948 2495 2103 2614 arpica·

413 2641 419 2678 ³
487 2613 588 2718 bunt,
609 2628 647 2700 et
666 2613 806 2700 nostris
827 2611 1029 2721 seminibus
1049 2611 1285 2700 seminabunt
1309 2613 1346 2700 in
1367 2611 1572 2700 hereditate
1609 2627 1737 2700 nostra
1759 2617 1896 2726 bupoc
1917 2611 2027 2717 dicta,
2042 2611 2101 2700 vel

366 2775 371 2784 ¹
408 2733 413 2748 ”
486 2729 560 2819 alia
579 2729 699 2819 eidem
721 2761 816 2850 eque
837 2731 970 2824 vicina.
1000 2729 1226 2840 iudicabunt
1245 2744 1370 2818 autem
1392 2732 1537 2820 sculteti
1558 2731 1677 2820 nostri
1698 2729 1857 2848 predicti
1878 2743 1915 2818 et
1935 2733 2098 2848 ipsorum

487 2851 638 2970 posteri,
653 2851 739 2968 jure
761 2849 930 2966 predicto
951 2845 1138 2952 Novilori,
1166 2881 1298 2939 omnes
1327 2861 1465 2939 causas
1487 2879 1625 2968 parvas
1647 2865 1683 2938 et
1706 2881 1885 2970 magnas,
1913 2849 2040 2938 civiles
2063 2859 2101 2937 et

486 2967 715 3072 criminales,
736 2971 854 3056 eciam
876 2971 907 3058 si
929 2969 1080 3087 exigant
1098 2962 1232 3085 capitis
1253 2967 1311 3056 vel
1333 2969 1583 3056 membrorum
1606 2969 1894 3076 mutilncionem,
1914 2969 2009 3057 inlra
2029 2984 2102 3058 ter·

487 3090 609 3176 minos
631 3085 797 3208 predicte
825 3084 1039 3178 hereditatis
1063 3101 1190 3175 nostre
1212 3090 1491 3207 contingentes,
1514 3099 1844 3206 presente'uostro
1867 3089 2002 3176 nuncio
2033 3119 2101 3208 ge·

488 3207 606 3296 nerali
633 3206 692 3298 vel
713 3203 868 3326 speciali
897 3205 945 3294 ad
965 3205 1041 3320 hcc
1062 3206 1309 3296 misso-De
1328 3206 1498 3304 iudicetis
1518 3221 1642 3296 autem
1663 3239 1736 3295 nos
1757 3219 1794 3294 et
1814 3209 1929 3325 nostri
1950 3237 2103 3296 succes·

357 3415 361 3424 ,
488 3357 597 3416 sores
619 3323 715 3413 duos
736 3323 923 3424 denarios,
944 3340 982 3414 et
1001 3325 1071 3444 ipsi
1091 3325 1236 3414 sculteti
1256 3327 1410 3414 tercium
1431 3327 1665 3446 recipiemus.
1686 3323 1744 3416 Ea
1766 3357 1869 3431 vero,
1890 3326 2030 3445 quode
2049 3328 2103 3414 iu·

488 3445 665 3534 ramentis
701 3444 941 3551 obvenerint,
987 3447 1079 3532 inter
1107 3447 1211 3564 ipsos
1247 3443 1428 3536 scultetos
1473 3459 1510 3531 et
1539 3459 1705 3534 nostrum
1733 3462 2015 3564 procuratorem
2036 3451 2104 3534 seu

489 3564 664 3652 nuncium
683 3593 752 3680 per
773 3563 933 3652 medium
953 3561 1173 3652 dividentur.
1213 3563 1392 3654 Preterea
1415 3565 1484 3683 ipsi
1506 3563 1653 3654 sculteti
1674 3577 1712 3652 et
1732 3581 1869 3653 eorum
1884 3565 2036 3682 posteri,
2057 3593 2104 3656 ac

489 3681 610 3774 incole
631 3679 714 3770 ville
730 3681 856 3798 ipsius,
880 3683 1101 3771 tenebuntur
1121 3699 1289 3770 nostrum
1305 3696 1348 3772 'et
1368 3695 1582 3774 nostrorum
1598 3713 1864 3772 successorum
1882 3699 2102 3804 procurato·

488 3805 572 3891 rem'
589 3799 649 3888 vel
669 3799 780 3887 elium
801 3815 969 3890 nostrum
992 3801 1163 3888 nuncium
1185 3804 1410 3922 generaliter
1430 3802 1489 3891 vel
1512 3803 1725 3920 specialiter
1745 3805 1909 3910 missurn,
1931 3815 1989 3890 ter
2008 3831 2103 3922 quo·

488 3921 577 4012 lrbet
594 3949 694 4011 anno
711 3921 882 4038 recipere
902 3919 952 4008 ad
974 3921 1200 4041 colloquium
1221 3952 1288 4009 seu
1310 3919 1482 4030 iudicium
1512 3921 1692 4041 generale
1713 3919 1945 4037 laciendum,
1976 3936 2012 4009 et
2032 3917 2103 4008 sibi

488 4051 573 4131 cum
595 4069 667 4128 sue
686 4041 858 4130 comitiva
884 4041 1126 4136 communiter
1147 4069 1334 4159 expensas
1355 4033 1573 4130 ministrare.
1605 4040 1696 4128 ltem
1717 4042 1749 4128 si
1771 4053 1902 4129 contra
1923 4039 2101 4128 scultetos

490 4175 643 4248 nostros
663 4159 852 4278 predictos
880 4160 938 4248 val
961 4175 1135 4279 posteros
1156 4159 1339 4278 ipsorum,
1363 4187 1431 4278 pro
1461 4159 1586 4280 aliquo
1609 4190 1771 4248 excessu
1803 4191 1875 4250 nos
1896 4160 1956 4248 vel
1987 4159 2102 4248 nostri

490 4283 738 4368 successores
760 4277 898 4398 aliquid
914 4309 1035 4398 agere
1055 4278 1114 4368 vel
1164 4277 1321 4366 cerulari
1343 4278 1578 4383 haberemus,
1603 4277 1863 4367 iudicabuntur
1878 4278 2014 4368 ibidem
2035 4275 2103 4396 pe'r

491 4413 645 4485 nostros
660 4396 811 4514 judices
832 4399 912 4514 jure
934 4397 1102 4516 predicto
1124 4309 1427 4518 tlovitor12qu0s
1451 4397 1499 4485 ad
1521 4397 1595 4486 boc
1615 4395 1832 4487 duxerimus
1860 4395 2101 4487 ordinandos:

393 4557 397 4564 ·
490 4529 530 4602 et
549 4517 581 4602 si
601 4514 749 4603 sculteti
777 4517 846 4634 ipsi
864 4533 1080 4605 auteorum
1128 4518 1242 4632 osten
1261 4519 1478 4606 scultecium
1508 4518 1629 4631 ipsam
1657 4515 1767 4604 alicui
1793 4517 1832 4604 in
1861 4531 1966 4634 parte
1987 4517 2046 4604 vel
2067 4516 2102 4604 in

493 4647 572 4721 toto
593 4633 759 4724 vendere
779 4635 838 4722 vel
855 4547 1182 4756 obligarevelliot,
1194 4635 1494 4746 bocnonlacient
1510 4636 1870 4748 sinenostra(sic)et
1890 4640 2102 4724 nostrorum

492 4781 760 4844 successorum
792 4785 980 4842 consensu
1009 4771 1046 4844 et
1066 4751 1267 4845 voluntate.
1298 4755 1501 4858 Statuimus
1531 4756 1663 4861 eciam,
1683 4753 1784 4876 quod
1804 4753 1950 4850 sculteti
1977 4755 2047 4874 ipsi
2068 4769 2103 4841 et

493 4901 624 4974 eorum
646 4873 798 4991 posteri,
820 4873 942 4963 villani
968 4904 1117 4994 quoque
1141 4905 1208 4961 seu
1234 4873 1355 4962 incole
1381 4875 1416 4962 in
1438 4875 1519 4994 ipsa
1545 4875 1640 4981 villa,
1657 4905 1703 4962 ex
1720 4873 1872 4991 speciali
1889 4888 2002 4992 pacto
2016 4903 2102 4992 por·
