4896 5926
1108 679 1155 694 ..
1209 639 1257 712 55
1312 679 1358 693 ..

413 838 870 1047 Streacopupiplostellano
899 837 950 926 de
979 839 1170 956 Spicinir,
1200 839 1357 928 Matheo
1379 839 1668 930 subcamerario
1699 841 1874 946 Cuiauie,
1903 855 1941 932 ct
1964 843 2048 932 diis
2137 960 2143 968 ¹

415 989 575 1079 quamp
672 989 729 1048 us.

1152 1271 1309 1390 LlllX.

777 1547 850 1628 1¹⁸
874 1543 1018 1630 cttto
1046 1545 1304 1641 Sssdkom,
1331 1563 1488 1630 omno
1514 1541 1680 1628 1256.

454 1761 727 1840 culmum
740 1764 811 1838 unx
824 1762 986 1836 meletae
1000 1766 1035 1836 et
1049 1762 1210 1858 trjrrlec,
1230 1779 1282 1838 τοι
1295 1763 1479 1838 mollierat
1491 1763 1666 1838 mnenon
1680 1762 1843 1860 muln
1856 1763 1931 1848 ltu,
1953 1765 2007 1860 pri

714 1871 718 1876 '
833 1863 997 1958 qucum
1010 1863 1155 1939 clericum
1168 1863 1628 1958 comandamento
1733 1920 1735 1927 s

513 2109 557 2199 ln
586 2107 735 2195 nomine
766 2105 925 2214 domini,
960 2136 1082 2194 amen.
1132 2105 1311 2194 Veritatis
1347 2103 1512 2225 igniculo
1546 2107 1838 2224 refrigescente,
1874 2105 2045 2198 falsitatis

411 2243 537 2316 autem
568 2225 753 2313 curriculo
783 2225 1054 2328 incalescente,
1084 2225 1121 2310 in
1148 2225 1266 2312 nostri
1295 2225 1476 2358 temperis
1504 2225 1663 2312 articulo
1693 2223 1892 2312 homanum
1921 2255 2044 2345 genus

412 2347 463 2436 ila
484 2358 544 2432 est
563 2343 826 2460 deprecatum,
853 2343 956 2460 quod
978 2372 1056 2429 rem
1078 2355 1219 2428 certem
1240 2343 1373 2458 pocius
1405 2374 1440 2428 m
1461 2343 1666 2446 sinistram,
1697 2373 1807 2462 quam
1827 2341 1878 2430 ad
1899 2359 2044 2460 partem
2170 2421 2175 2436 .

412 2465 562 2553 laborat
583 2461 768 2548 diuertere
789 2461 991 2546 meliorem.
1043 2459 1127 2548 Nos
1149 2461 1260 2578 igitur
1281 2460 1492 2548 llazimirus
1513 2457 1572 2548 dei
1593 2462 1724 2580 gracia
1745 2461 1823 2548 dux
1842 2458 2045 2550 Lunchicic

412 2613 461 2672 au
492 2580 660 2696 Cuyauie
694 2593 820 2664 notum
848 2577 1005 2664 iacimus
1034 2579 1218 2664 uniuersis
1250 2594 1322 2666 tarn
1345 2579 1599 2695 presentibus,
1630 2611 1741 2698 quam
1761 2581 1910 2667 laturis:
1940 2577 2043 2699 quod

411 2731 496 2790 cum
524 2697 633 2786 Vitus
661 2695 757 2784 iilius
785 2693 973 2803 Oskonis,
1003 2695 1134 2784 timore
1154 2695 1293 2782 domini
1313 2699 1544 2814 postposito,
1575 2699 1659 2786 olim
1688 2699 1725 2786 in
1746 2695 1944 2816 quemdam
1965 2697 2043 2786 cle·

409 2819 527 2908 ricum
557 2845 677 2931 usque
706 2813 755 2901 ad
786 2815 860 2900 vite
882 2815 1135 2932 priuacionem
1157 2844 1291 2902 manus
1311 2815 1477 2902 iniecerlt
1497 2829 1636 2902 temere
1656 2817 1862 2919 violentas,
1888 2829 1927 2902 et
1945 2813 2043 2904 idern

409 2933 520 3024 Vltus
552 2936 674 3052 magis
702 2963 750 3020 ac
772 2933 895 3050 magis
917 2933 952 3020 in
975 2960 1045 3020 sua
1066 2933 1270 3048 pertinacia
1290 2962 1560 3047 perseuerans;
1591 2932 1640 3021 de
1660 2964 1814 3022 suorum
1835 2931 2045 3024 municione

410 3069 558 3174 patrum
594 3049 856 3167 spiritualium,
897 3067 1008 3166 prout
1042 3048 1154 3136 decet
1187 3049 1451 3156 christianum,
1493 3053 1678 3138 minimum
1713 3050 1831 3142 voluit
1864 3053 2043 3169 penitere:

410 3169 636 3264 venerabilis
658 3182 915 3283 paternoster
944 3167 1115 3256 dominus
1141 3167 1262 3259 Fulco
1290 3167 1526 3258 Gneznensis
1557 3169 1880 3290 archiepiscopus
1909 3169 2044 3260 videns

410 3321 480 3409 per
500 3288 728 3406 spiritualem
756 3284 923 3404 gladium
953 3301 1084 3375 contra
1114 3300 1253 3374 tantum
1281 3285 1489 3376 malelicum
1516 3319 1560 3376 se
1581 3319 1661 3376 non
1691 3317 1807 3406 posse
1833 3288 2042 3406 preoaleree

408 3407 573 3498 seculari
598 3405 773 3508 brachio,
802 3401 977 3494 videlicet
1005 3405 1134 3510 nobis,
1163 3406 1301 3494 lactum
1331 3419 1405 3492 lam
1435 3437 1589 3494 enorme
1617 3408 1802 3494 commisit
1829 3405 2042 3496 emundatae

408 3556 474 3614 res
494 3525 581 3611 dicti
601 3523 677 3609 Viti
699 3523 896 3609 uniuersas
915 3524 1036 3627 nobis,
1058 3537 1132 3610 tom
1152 3525 1309 3610 mobiles
1331 3553 1442 3642 quam
1465 3523 1683 3629 immobiles,
1705 3523 1952 3644 assignando.
1977 3518 2044 3612 'Et

409 3673 495 3732 cum
517 3640 685 3728 eiusdem
701 3639 777 3728 Viti
797 3641 927 3759 priuinj
944 3641 1025 3738 (sic)
1047 3639 1147 3728 bona
1167 3671 1238 3728 soa
1259 3670 1343 3727 cum
1360 3641 1494 3728 eodem
1508 3642 1599 3739 ‚Vito
1616 3657 1867 3747 reseruarent,
1888 3643 2043 3730 ministri

294 3763 299 3787 ¹
409 3761 540 3868 nostri,
563 3789 647 3845 cum
669 3759 789 3876 ipsum
802 3757 928 3845 Vitum
950 3757 999 3846 de
1019 3757 1197 3846 mandato
1217 3773 1350 3862 nostro
1367 3759 1585 3879 spoliarent,
1605 3761 1832 3879 priuinorum
1853 3760 2043 3880 predicto·

408 3910 490 3969 rum
517 3879 771 3966 substanciam
800 3907 866 3995 per
894 3879 1152 3996 ignoranciam
1178 3893 1418 3994 acceperunt.
1469 3877 1580 3968 Unde
1601 3909 1685 3966 cum
1707 3879 1889 3997 sepedicti
1909 3877 2043 3998 priuioi

407 4029 524 4118 super
551 3997 629 4085 suis
657 3997 773 4084 rebus
798 4024 928 4083 coram
950 3997 1060 4084 nobis
1079 3998 1248 4083 lacerent
1269 3997 1519 4084 mencionem:
1548 4028 1618 4086 nos
1640 4027 1711 4116 pro
1730 4029 1823 4114 sepe
1844 3997 2041 4086 nominatis

405 4119 521 4206 rebus
539 4115 823 4236 quatuordecim
840 4144 990 4202 marcas
1005 4115 1153 4232 argenti
1170 4114 1238 4201 sibi
1257 4113 1497 4223 reddidimus,
1514 4131 1550 4202 et
1562 4113 1804 4204 hereditatem
1816 4109 2039 4216 Smenrcolb

407 4237 539 4354 prelati
567 4234 641 4322 Viti
667 4231 854 4322 Nicbolao
881 4233 957 4321 lilio
984 4232 1241 4350 Bartholomej
1271 4262 1342 4352 pro
1363 4235 1547 4352 peccunia
1567 4233 1801 4324 vendidimus
1822 4231 1893 4323 sibi
1914 4249 1950 4324 et
1969 4263 2040 4321 sue

407 4354 619 4473 posteritati
647 4351 873 4440 hereditario
903 4354 984 4440 iure
1010 4367 1194 4472 perpetuo
1218 4351 1501 4472 possidendam.
1553 4352 1593 4440 ln
1621 4355 1728 4442 cuius
1757 4353 1844 4444 lacti
1871 4353 2039 4442 testimo·

510 4599 551 4686 (¹)
578 4601 626 4666 Ex
652 4599 812 4688 archetypo
840 4601 1071 4669 mmbrcnccco
1100 4601 1131 4668 in
1152 4603 1303 4670 mario
1331 4604 1453 4694 capitoli
1475 4602 1719 4672 Vladislaricnris
1742 4611 1907 4672 ucnmto.
1943 4601 2038 4690 Sigilli

406 4685 577 4774 abruptisu
618 4683 842 4751 restiuniculue
855 4686 1216 4755 wricuacolorisrbidis.
1559 4739 1563 4748 .
2069 4743 2077 4752 .

508 4768 548 4856 (²)
605 4768 686 4836 illam
700 4768 779 4836 banc
792 4767 901 4838 frustra
915 4771 1129 4860 quaesivimus
