4984 5930
1144 768 1397 840 „52-

453 977 534 1066 cius
554 973 738 1076 uterinus,
767 967 1035 1090 Bogusslauus
1065 967 1208 1056 scilieet
1229 967 1468 1056 Castellanus
1488 963 1538 1052 de
1558 970 1718 1080 Britpost
1736 963 1810 1080 (⁴),
1840 967 1875 1054 in
1897 979 2027 1055 nostra
2048 977 2086 1055 et

453 1092 540 1182 dicti
573 1089 755 1210 Episcopi
787 1086 1062 1176 contradiceret
1088 1087 1310 1204 presencia,
1345 1115 1574 1172 asseuerans
1606 1115 1682 1172 non
1711 1114 1829 1202 posse
1859 1114 2084 1204 quemquam

237 1305 245 1318 ,
335 1295 343 1325 ,
444 1209 628 1302 nobilium
669 1209 751 1296 siue
791 1205 940 1294 militurn
981 1205 1105 1294 villam
1145 1204 1439 1321 patrimonialem
1456 1281 1460 1286 .
1480 1203 1590 1290 alicui
1624 1202 1786 1291 ecclesie
1820 1202 2086 1322 perpetualiter

418 1337 421 1344 '
452 1329 599 1418 donare
626 1312 771 1446 absque
804 1325 1025 1412 coniuencia
1045 1353 1201 1420 sucrum
1217 1324 1610 1442 consanguineorum:
1640 1317 1725 1410 Nos
1746 1321 1918 1409 uolentes
1938 1319 2086 1440 predic·

452 1463 574 1536 torum
594 1445 748 1531 lratrum
769 1441 1058 1529 altercacionem
1080 1439 1222 1527 iusticia
1244 1439 1380 1546 dirimi3
1409 1437 1574 1527 barones
1595 1453 1748 1525 nostros
1769 1437 1942 1526 videlicet
1961 1435 2085 1557 Spicl-

453 1593 620 1685 gneuum
639 1561 843 1679 palatinum
864 1556 1135 1670 Lamberelll,
1156 1558 1388 1675 Stephanum
1410 1557 1655 1648 castellanum
1676 1555 1725 1642 dc
1743 1561 1868 1658 δῖναι,
1889 1555 2085 1644 Urbanum
2133 1577 2135 1579 ’

451 1680 694 1769 castellanum
716 1677 765 1765 de
785 1683 1005 1777 lumbrae,
1038 1675 1290 1762 Pancezluum
1304 1673 1357 1787 (θ)
1379 1675 1462 1788 (sic)
1486 1674 1740 1762 Casuellanum
1762 1673 1811 1760 dc
1830 1673 2084 1788 Sprcmr'rU),

450 1799 671 1888 Florianum
701 1793 945 1882 'castellanum
975 1793 1023 1880 de
1048 1801 1201 1906 Rorprc
1217 1789 1290 1904 (⁸),
1320 1792 1370 1878 ad
1392 1807 1559 1880 nostrum
1580 1793 1876 1880 conuocauimus
1896 1793 2085 1881 consisto·

451 1919 566 2020 rium,
589 1914 775 2034 quatinus,
795 1911 931 2000 auditis
952 1913 1144 2030 utriusque
1164 1911 1281 2029 partis
1302 1910 1535 2016 nacionibus,
1557 1938 1712 1998 causam
1734 1911 1877 1998 iusticia
1898 1908 2085 2000 mediante

451 2030 730 2122 sentencialiter
764 2027 974 2116 dillinirent
1026 2027 1103 2142 Qui
1133 2031 1360 2145 prelatorum
1392 2029 1543 2115 fratrum
1580 2029 1909 2146 propositionibus
1944 2056 2085 2148 magna

452 2181 537 2238 cum
566 2147 739 2236 sollercia
769 2149 863 2234 inter
891 2178 979 2234 sese
1007 2147 1210 2234 ventilatis:
1241 2145 1390 2232 tandem
1418 2145 1517 2232 banc
1544 2148 1773 2233 sentenciam
1801 2147 2023 2233 unanimiter
2048 2147 2085 2233 in

452 2269 564 2386 pleno
584 2265 870 2384 promulgarunt
892 2264 1127 2364 consistorio.
1181 2261 1299 2378 Quod
1321 2263 1470 2350 cuilibet
1490 2263 1601 2350 nobili
1625 2265 1706 2350 sion
1727 2264 1824 2350 militi
1856 2263 1967 2399 licept
1981 2293 2084 2400 pos·

261 2432 264 2440 ·
334 2408 345 2440 'r
452 2387 647 2475 sessiones
668 2411 760 2469 suas
781 2382 938 2469 mobiles
970 2397 1007 2468 et
1027 2380 1233 2470 immobiles
1263 2383 1527 2500 perpetualiter
1555 2379 1778 2498 quibuslibet
1798 2381 1969 2469 ecclesus
1991 2397 2086 2468 mter

453 2505 563 2590 uiuos
593 2501 756 2602 donare,
793 2498 851 2588 uel
888 2501 924 2584 in
954 2513 1178 2588 testamento
1210 2499 1362 2618 legare:
1397 2500 1681 2588 nonobstante
1716 2501 2084 2616 consanguineorum

453 2619 699 2740 quorumlibet
725 2615 1031 2703 contradictione.
1084 2616 1255 2729 Quorum
1286 2619 1516 2734 sentenciam
1544 2617 1698 2703 racione
1725 2611 2013 2736 preoia'latam,
2042 2615 2085 2700 li-

451 2739 552 2824 benti
572 2737 697 2822 animo
718 2746 838 2820 ratam
859 2733 1052 2838 babentes,
1072 2734 1322 2822 donacionem
1344 2733 1432 2820 dicti
1448 2733 1582 2822 nobilis
1599 2734 1760 2820 ecclesie
1778 2729 2085 2825 Wladislauiensi

451 2853 573 2942 taliter
604 2854 740 2938 iactam
776 2850 1058 2938 confirmamus:
1091 2851 1198 2938 saluo
1226 2856 1305 2938 inre
1332 2865 1463 2938 nostro
1493 2865 1530 2938 et
1559 2867 1773 2944 nostrorum
1805 2879 2085 2960 successorum,

454 2969 556 3090 quod
588 2969 697 3056 nobis
723 2969 760 3054 in
781 2967 922 3059 eisdem
944 2968 1039 3055 villis
1061 2963 1245 3059 hactenus
1272 2968 1478 3085 cumpeciit.
1528 2965 1579 3054 Et
1599 2998 1783 3086 nesoper
1803 2968 1878 3055 boc
1898 2967 1933 3053 in
1954 2986 2085 3086 poste·

452 3117 534 3177 rum
555 3087 679 3204 aliqua
701 3083 873 3172 dubietas
894 3099 1081 3202 emergat,
1113 3101 1324 3204 presentem
1345 3086 1523 3202 paginam
1545 3101 1693 3188 nostro,
1722 3085 1945 3203 Cancellarij
1966 3091 2107 3178 nostri,

373 3259 380 3270 ·
451 3205 619 3322 lanussij
641 3200 719 3316 (⁹),
756 3218 792 3290 et
827 3201 1034 3320 aliquorum
1071 3201 1253 3289 baronum
1290 3219 1505 3290 nostrorum
1541 3218 1629 3290 tnnc
1664 3205 1919 3320 presencium,
1954 3202 2085 3320 sigillis

453 3323 624 3410 ducimus
645 3319 911 3408 roborandam.
941 3320 1077 3407 Actum
1102 3325 1298 3422 Crusur‘m‘e,
1320 3349 1421 3408 anno
1443 3317 1581 3406 domini
1602 3319 1660 3406 Μο
1675 3321 1756 3407 CC⁰
1771 3323 2085 3440 quinquagesimo

480 3456 587 3528 carto
598 3435 658 3548 (¹⁰)
679 3439 769 3526 laria
785 3436 870 3523 llll·
885 3453 972 3554 post
991 3425 1294 3554 assumpcionem
1315 3439 1426 3526 beate
1442 3435 1563 3552 lllarie
1578 3439 1734 3556 virginis
1751 3467 1879 3528 mense
1895 3437 2084 3556 Angusta·

450 3473 700 3645 insontibus
720 3555 923 3644 baronibus
944 3555 1170 3672 supradictis
1187 3565 1229 3642 'et
1249 3557 1422 3676 bogussa
1444 3556 1608 3672 palatino
1630 3557 1808 3672 Cuyauie,
1837 3554 2085 3674 llbstignewo

296 3710 310 3790 't
367 3753 374 3782 ,
452 3671 577 3760 iudice
607 3672 743 3778 Curia,
775 3671 942 3762 Setheco
970 3670 1146 3792 agazone
1173 3671 1398 3780 Lanchicie,
1439 3675 1622 3762 Semiano
1655 3667 1847 3788 Gladia'rio
1880 3667 2085 3768 Lanchicic

258 3809 264 3820 '
291 3855 297 3889 ,
375 3881 379 3912 2
452 3791 601 3890 Sbiluto
622 3817 797 3926 agazonc
813 3785 1003 3908 Cuyauie,
1029 3789 1177 3878 Benicc
1190 3792 1344 3880 tribuno
1365 3792 1415 3880 de
1437 3792 1611 3909 Spicimir
1630 3795 1668 3880 et
1688 3793 1811 3884 moltis
1830 3793 1911 3883 aliis
1926 3786 1987 3904 (¹¹)
2007 3793 2084 3884 ule·

290 3919 300 3950 ³
367 3949 379 3984 r
450 3909 538 3998 ricis
560 3923 598 3996 et
618 3905 735 3996 larcrs.

451 4263 456 4280 .
552 4121 593 4376 {li
621 4123 1514 4298 fflicdlliidoirchcwatdliiiciffldgldssiaorbmpilffim
1528 4209 1678 4302 Operi?
1798 4165 1834 4192 ,Ι

564 4297 579 4336 ⁰
621 4295 657 4358 ln
672 4293 765 4358 altero
780 4293 955 4393 archetypo:
970 4293 1198 4360 Pancezlauum.

569 4381 580 4419 ¹
680 4379 687 4394 '
707 4379 807 4442 'mim
820 4399 893 4528 oppu
903 4401 934 4444 rn
950 4377 1113 4467 palatinatu
1127 4379 1300 4445 Siradiensi.

727 4484 768 4526 ro
780 4481 840 4546 opp
894 4485 924 4530 m
939 4471 969 4529 ct
982 4472 1112 4531 castrum
1126 4459 1189 4549 rag.
1204 4463 1442 4538 Petricoricnsis

566 4461 579 4502 ⁸
1947 4487 1950 4494 .

566 4547 580 4586 ⁹
620 4530 692 4640 lna·
701 4553 766 4641 toro
780 4545 939 4642 ardictypo
952 4546 1026 4612 baec
1039 4547 1180 4632 leguntur
1194 4555 1262 4632 post
1276 4549 1379 4617 rocam
1400 4549 1550 4634 lanumijr
1571 4548 1760 4649 „Spitignwi
1776 4549 1898 4636 pelotini
1913 4551 2084 4633 tenatiae,
2133 4635 2137 4641 ¹

452 4631 588 4714 Roguase
603 4625 725 4713 palatim
740 4629 875 4704 Curaurc,
893 4639 923 4694 et
938 4627 1050 4697 Urbani
1065 4631 1214 4696 castellani
1229 4631 1389 4697 Lancbicio
1403 4641 1474 4698 turm
1488 4655 1677 4719 presencium
1693 4635 1814 4720 sigillis”
1825 4645 1881 4704 ate
2056 4697 2071 4708 ‚r

538 4711 594 4796 (¹⁰)
623 4713 658 4809 ln
674 4711 769 4778 ultcro
784 4712 944 4811 archetypo
957 4719 1232 4813 „mapsoAugusto
1247 4716 1328 4782 XIV.
1342 4716 1497 4785 Kalendas
1511 4718 1705 4805 Sapluwrio.
1734 4719 1928 4788 ammom
1942 4741 2004 4788 non
2018 4728 2083 4788 tan·

453 4794 1126 4881 ttrmburonrbus,sedetl11strgneuorudrce
1141 4819 1222 4864 curro
1237 4799 1575 4875 nostrc,Setbcco”ctc.
2074 4863 2084 4876 .

536 4880 595 4966 (¹¹)
624 4881 660 4946 ln
675 4879 770 4948 altero
784 4879 957 4968 archetypo:
978 4881 1071 4967 „Aliis
1083 4890 1146 4948 tam
1160 4883 1275 4962 clorir'm
1290 4903 1381 4972 quem
1396 4884 1504 4954 tucis.
1604 4925 1609 4944 ·
1696 4905 1701 4915 ’
1752 4901 1757 4910 ’
1774 4903 1779 4916 ·
