4878 5942
1120 723 1392 797 -334-

1133 985 1380 1142 cccxxu

523 1257 809 1355 macrones,
835 1276 991 1344 anno
1017 1252 1165 1344 1382
1190 1257 1284 1342 dte
1309 1253 1389 1342 24
1413 1255 1614 1340 menate
1639 1255 1987 1376 Novembris:

441 1459 739 1534 lrrcuerreu's
754 1459 931 1533 toronicus
952 1459 1224 1532 Wtattslmiemts
1244 1458 1366 1531 cuum
1384 1459 1502 1532 locato
1517 1458 1625 1532 villan
1643 1457 1906 1552 thmimnojurc
1921 1461 2070 1534 eunom

946 1559 1561 1656 colonisrequentmdam‚.concotit(¹).
1872 1585 1873 1589 Ν

543 1755 586 1842 ln
608 1753 747 1842 Christi
768 1753 938 1859 nomine,
969 1781 1090 1840 nmen.
1131 1749 1192 1839 Ne
1214 1781 1272 1860 ea,
1293 1783 1366 1868 que
1386 1763 1550 1869 aguntur
1571 1753 1607 1840 in
1637 1765 1826 1870 tempore,
1856 1751 1963 1840 simul
1985 1782 2070 1846 cum

440 1873 542 1960 lluxu
564 1872 742 1988 temporis
764 1883 1012 1978 evanescant,
1030 1870 1184 1987 dignum
1207 1885 1264 1958 est
1280 1900 1324 1956 ea
1347 1871 1532 1987 scripture
1553 1870 1782 1975 testimonio,
1804 1899 1889 1956 cum
1911 1885 2070 1958 annota-

441 1993 551 2079 cione
572 1993 716 2078 testium
737 1989 985 2104 perhennare.
1047 1987 1215 2075 Proinde
1234 2017 1305 2074 nos
1327 1987 1545 2104 Sbyluthus,
1562 1988 1621 2075 dei
1643 1989 1774 2108 gracia
1795 1988 2070 2076 wladislauien·

440 2110 494 2196 sis
515 2109 678 2195 ecclesie
698 2108 913 2222 episcopus,
935 2108 1139 2222 cupientes,
1162 2121 1201 2192 ut
1220 2107 1273 2191 rei
1295 2119 1404 2223 geste
1425 2108 1521 2192 inter
1536 2135 1607 2192 nos
1621 2135 1668 2192 ac
1685 2105 1882 2222 capitulum
1900 2122 2069 2194 nostrum

441 2224 746 2313 wladislauiense
768 2253 815 2308 err
839 2255 929 2328 una,
960 2241 997 2310 et
1017 2223 1214 2340 prouidum
1236 2225 1354 2313 virum
1375 2223 1560 2309 iacobum
1582 2223 1777 2311 scoltetum
1799 2223 1848 2309 de
1875 2229 2069 2339 Chomeny-

439 2377 490 2430 no
512 2357 620 2460 parte
641 2373 688 2427 ex
709 2341 844 2442 altera,
876 2355 966 2459 aput
987 2357 1163 2458 posteros
1185 2343 1363 2429 memoria
1400 2341 1546 2459 plenior
1582 2343 1795 2430 habeatur:
1820 2357 1947 2429 notum
1978 2344 2069 2430 laci-

441 2493 524 2547 mus
545 2461 730 2546 uniuersis
750 2472 946 2576 presentes
967 2461 1094 2547 literas
1116 2461 1360 2576 inspecturis:
1424 2458 1539 2572 Quod
1563 2459 1791 2549 honorabilis
1819 2460 1881 2546 vir·
1897 2459 2068 2547 dominus

289 2627 301 2656 ι
434 2577 646 2666 Fredricus
666 2577 757 2682 (sic),
780 2578 984 2664 canonicus
1005 2591 1136 2666 noster
1150 2576 1482 2682 wladislauiensiS,
1514 2581 1576 2694 qui
1597 2577 1746 2666 nomine
1767 2580 2011 2666 canonicatus
2031 2589 2070 2665 et

434 2695 633 2816 prebende
666 2695 789 2782 villam
819 2725 889 2811 pro
912 2726 1010 2782 nunc
1039 2689 1141 2783 tenet
1170 2695 1347 2802 eandem,
1378 2695 1575 2782 intendens
1605 2697 1859 2784 melioracioni
1883 2695 2066 2783 bonorum

440 2814 525 2902 ville
546 2813 725 2931 predicte,
741 2812 789 2898 de
800 2814 990 2900 voluntate
1010 2827 1049 2901 at
1069 2843 1260 2902 consensu
1282 2831 1413 2901 nostro
1435 2827 1472 2901 et
1487 2815 1636 2930 capituli
1656 2814 1968 2902 wladislauiensis
1982 2843 2067 2930 pre-

439 2931 547 3036 dicti,
579 2932 759 3048 prefatam
795 2930 917 3018 villam
957 2936 1180 3046 Ctomsnyno
1211 2947 1419 3020 memorato
1450 2933 1609 3019 scolteto
1633 2935 1719 3048 jure
1754 2929 2067 3050 Maydburgensi‚

283 3085 288 3096 ·
438 3065 551 3167 prout
571 3055 605 3134 in
627 3064 727 3136 terra
748 3048 926 3136 culmensi
949 3063 1106 3155 tenetur,
1128 3052 1303 3167 exposuit
1322 3049 1371 3136 ad
1393 3049 1614 3154 locandum,
1636 3050 1707 3136 sub
1729 3081 1786 3154 ea,
1808 3079 1882 3168 que
1902 3050 2068 3166 sequitur

197 3633 201 3640 ⁵
305 3699 311 3711 ι
438 3639 646 3756 sexagenis
676 3667 900 3757 grossorum
932 3669 1175 3757 pragensium
1206 3640 1440 3726 vendidimus
1467 3640 1566 3728 dicto
1596 3639 1747 3728 domino
1777 3639 1853 3727 Fre

440 3167 694 3255 ordinacione.
745 3168 874 3253 Primo
905 3166 1086 3286 siquidem
1124 3165 1293 3284 predicto
1320 3168 1469 3255 laccho
1500 3168 1686 3255 scoltetlro
1719 3197 1767 3255 ac
1799 3169 1877 3254 suis
1905 3168 2066 3284 posteris

439 3287 648 3406 legittimis,
680 3287 835 3378 racione
852 3285 1056 3373 scolthecie
1078 3302 1114 3372 et
1135 3286 1342 3373 loca'cionis
1362 3285 1547 3402 predicte,
1579 3285 1676 3372 duos
1696 3315 1852 3374 mansos
1874 3284 2013 3374 liberos
2041 3312 2066 3370 a

439 3434 557 3491 censu
578 3419 737 3505 tantum,
769 3434 853 3489 cum
876 3403 1056 3491 thaberna
1078 3419 1115 3491 et
1136 3419 1218 3490 orto
1251 3401 1386 3490 ibidem
1421 3406 1457 3490 in
1490 3408 1714 3518 Chommpao
1736 3405 1945 3521 peripsum
1966 3401 2066 3490 scol·

437 3522 577 3610 thetum
608 3535 643 3606 et
673 3550 764 3608 suos
795 3551 1042 3609 successores
1073 3537 1254 3656 perpetuo
1283 3521 1441 3640 pacifice
1471 3522 1727 3638 possidendos
1757 3550 1827 3639 pro
1855 3519 2065 3727 guindecim

1880 3669 1960 3726 nco
1993 3669 2065 3726 ram

437 3756 709 3874 actupagatis.
740 3755 928 3844 iudicabit
957 3769 1080 3844 autem
1102 3757 1200 3844 idem
1222 3757 1427 3844 scolthetus
1449 3789 1580 3846 omnes
1602 3787 1742 3846 causas
1763 3787 1903 3876 paruas
1929 3771 1967 3845 et
1985 3785 2065 3843 ma·

436 3905 556 3996 guas,
589 3873 718 3961 ciuiles
739 3887 777 3960 ct
797 3873 1027 3977 criminales,
1059 3876 1152 3961 inlra
1175 3875 1273 3964 dicte
1295 3874 1511 3962 hereditatis
1531 3876 1664 3963 limites
1688 3877 1971 3996 contingentem
2002 3873 2065 3992 qui

437 3995 647 4082 scolthetus
669 4007 705 4079 et
725 3995 783 4079 sui
804 3993 946 4110 posteri
973 3990 1023 4078 do
1037 3992 1215 4109 judicatis
1257 3993 1410 4080 tercium
1442 3993 1635 4082 denarium
1663 3995 1867 4110 recipient,
1899 3993 2065 4112 prelatus

436 4141 530 4201 vero
550 4111 584 4198 F
586 4110 757 4198 rcdricus
779 4125 817 4196 et
837 4111 895 4198 sui
916 4139 1167 4198 successores
1188 4111 1286 4199 duos
1308 4111 1535 4199 obtinebunt.
1596 4111 1851 4199 Promittimus
1872 4111 1991 4198 eciam
2011 4109 2063 4195 ei-

328 4268 338 4294 ι
437 4228 523 4321 dem
552 4228 738 4317 scoltheto
768 4259 816 4315 ex
846 4241 977 4316 nostra
1007 4229 1141 4350 gracia
1170 4229 1324 4344 speciali
1345 4225 1454 4317 oues
1475 4259 1544 4347 per
1571 4231 1761 4346 proprium
1791 4225 1990 4348 opilionem
2026 4228 2064 4313 in

437 4375 575 4465 campo
597 4346 697 4433 dicte
718 4346 937 4434 hereditatis
962 4349 1184 4459 Clomsnyno
1207 4375 1378 4464 pascere,
1390 4349 1471 4436 sine
1491 4346 1742 4462 inpedimento
1765 4363 1889 4434 tamen
1914 4345 2064 4433 cuiusli-

436 4463 501 4552 bet
521 4481 558 4552 et
577 4465 732 4552 iactura.
782 4465 957 4552 Prolatus
978 4465 1300 4553 vero-scolthetus
1322 4480 1357 4552 el
1378 4467 1436 4552 sui
1457 4466 1599 4584 posteri
1630 4466 1788 4552 seruicia
1811 4467 1846 4552 in
1867 4495 1943 4552 uno
1964 4493 2065 4582 equo

539 4764 580 4852 (¹)
607 4765 654 4832 Ex
669 4765 830 4854 archetypo
845 4766 1076 4834 membranaceo
1090 4767 1228 4834 tabularii
1242 4766 1363 4853 capituli
1378 4765 1647 4834 Wladislauiencis.
1660 4766 1731 4834 Duo
1748 4765 1843 4850 sigilla
1859 4783 2008 4853 appense,
2022 4763 2063 4829 al·

436 4858 536 4921 tarum
552 4849 796 4919 luniculcserico
810 4851 918 4918 coloris
933 4851 1050 4930 viridis,
1073 4851 1201 4919 alterum
1215 4851 1344 4919 taeniola
1358 4872 1556 4939 pergameum
1577 4851 1667 4919 ambo
1677 4850 1740 4936 jam
1756 4851 1863 4924 deleta,
