4896 5926
460 971 584 1092 gratio
610 967 699 1058 llox
725 965 886 1056 Polooie
911 964 1016 1054 sciro
1037 964 1207 1084 cupimus
1233 963 1451 1053 uniuersos:
1483 959 1600 1077 Quod
1627 963 1723 1052 inter
1748 962 1852 1052 viros
1878 961 2094 1084 religiosos,

460 1089 636 1184 uidebeet
663 1085 890 1206 Magistrum
920 1112 969 1173 ac
998 1084 1133 1174 iratres
1160 1079 1297 1173 domus
1318 1081 1532 1170 theutonice
1562 1111 1631 1199 per
1662 1087 1874 1184 limacum
1905 1098 1944 1172 et
1962 1113 2094 1174 eorum
2274 1073 2282 1090 ’

460 1207 631 1298 homiues
662 1235 711 1298 ex
736 1232 810 1291 una
840 1216 968 1322 purte,
998 1231 1072 1290 nec
1091 1231 1169 1290 nou
1190 1199 1379 1289 dominam
1409 1198 1649 1290 Eulrcsinum
1681 1199 1860 1290 illustrem
1890 1201 2095 1294 Ducissam

399 1334 404 1342 “
460 1322 889 1435 Lancbiciensemlsic)
921 1321 1098 1410 etlilium
1129 1320 1209 1410 eius
1238 1317 1462 1408 Ladizlaum
1482 1319 1578 1432 (sic)
1608 1344 1658 1408 ac
1687 1347 1819 1406 eorum
1849 1319 2021 1412 bomlnes
2047 1351 2096 1410 ex

460 1446 579 1534 ultera
599 1457 727 1565 parte,
848 1438 1058 1558 homicidijs
1087 1436 1226 1526 domini
1255 1435 1441 1555 Nyrlridi,
1471 1439 1736 1555 sociorumque
1757 1438 1857 1543 eius,
1886 1468 1936 1526 uc
1954 1437 2096 1530 domiui

324 1585 330 1592 ·
459 1558 723 1771 ledeprandi
791 1559 968 1678 urgensis
998 1555 1047 1644 de
1075 1561 1234 1645 Cubnrire
1254 1551 1330 1668 (²),
1360 1554 1570 1646 accedente
1591 1569 1738 1644 maturo
1760 1557 1916 1644 consilio
1937 1587 2095 1646 venera·

460 1681 487 1772 b

513 1683 547 1770 is
574 1680 693 1802 patris
723 1678 843 1767 nostri
873 1675 1012 1764 domini
1035 1673 1207 1764 Vobnriri
1227 1673 1558 1764 Wladizlauiensis
1588 1675 1777 1792 episcopi,
1808 1691 2095 1796 ceterorumque

318 1819 324 1830 “
448 1801 670 1920 ’sapientum
691 1811 925 1898 nostrorum,
955 1794 1265 1913 compositionem
1286 1807 1325 1882 et
1344 1794 1452 1912 pacis
1472 1808 1652 1910 perpetua
1672 1792 1917 1884 concordiam
1938 1797 2094 1884 lecimus

462 1921 499 2008 in
520 1917 620 2006 bunc
639 1913 811 2004 modum:
842 1909 1012 2028 Nepotes
1033 1927 1071 2002 et
1089 1912 1199 2001 amici
1219 1911 1359 2000 domiui
1385 1909 1550 2029 Nyrlridi
1571 1910 1712 2000 dabunt
1734 1910 1935 2004 heredibus
1956 1911 2094 2004 domini

461 2032 721 2155 Hyldeprandi
751 2032 951 2150 sexaginto
979 2060 1130 2121 marcas
1159 2031 1195 2118 io
1225 2031 1345 2118 tribus
1373 2031 1461 2120 anui
1490 2030 1740 2166 temporibus:
1770 2029 1913 2118 scilicet
1939 2033 2094 2124 infesto

461 2155 563 2244 beati
587 2151 686 2242 Galli
715 2151 845 2272 viginti
871 2177 1041 2254 marcas,
1070 2149 1156 2242 item
1172 2149 1223 2238 'iu
1242 2162 1381 2238 octaua
1400 2149 1600 2244 natiuitatis
1620 2147 1760 2236 domini
1780 2149 1909 2266 viginti
1931 2179 2094 2258 marcas,

345 2283 348 2300 '
460 2273 548 2362 item
575 2273 613 2359 io
633 2283 767 2392 quartu
794 2269 887 2356 laria
916 2266 978 2356 dia
1006 2268 1182 2358 Cinerum
1208 2267 1339 2388 viginti
1366 2295 1528 2358 murcos.
1578 2265 1642 2356 Ad
1664 2269 1763 2356 bane
1783 2297 1880 2356 vero
1896 2269 2093 2384 pecuniam

489 2387 753 2480 ersoluendam
783 2384 974 2504 predictus
999 2385 1089 2477 Dux
1110 2386 1263 2504 jubenis
1292 2384 1493 2476 badizluus
1520 2416 1605 2474 cum
1627 2385 1706 2475 suis
1726 2385 1920 2494 militibus,
1951 2387 2095 2478 scilicet

461 2419 586 2630 lupo
601 2507 784 2626 palatino,
814 2504 986 2613 lacobo,
1016 2505 1219 2594 Cbristono
1238 2505 1322 2619 (sio)
1353 2518 1392 2594 et
1422 2504 1611 2622 Woyzicb
1641 2506 1854 2594 cautionem
1880 2503 2094 2596 huiusmodi

462 2627 736 2748 compromisit,
767 2639 825 2729 ot,
860 2624 893 2710 si
922 2621 1093 2742 predicta
1124 2624 1283 2743 pecunia
1312 2653 1390 2714 nou
1420 2621 1599 2712 darentur
1624 2623 1720 2735 (sic)
1751 2625 1898 2714 statutis
1929 2625 2092 2714 terminis

461 2743 749 2866 suprascriptis3
779 2755 941 2860 accepto
967 2740 1016 2830 ad
1046 2741 1120 2832 boc
1149 2754 1282 2832 nostro
1302 2742 1457 2849 nuncio,
1488 2743 1524 2830 in
1545 2758 1647 2832 terra
1666 2770 1737 2830 sua
1757 2772 1828 2860 pro
1849 2758 1926 2832 tota
1946 2769 2092 2832 summa

460 2863 642 2984 pecunie,
672 2861 833 2979 pignora
854 2859 1058 2979 capientur.
1109 2859 1201 2946 Item
1223 2861 1438 2967 statuimus,
1469 2877 1509 2948 ut
1538 2875 1697 2980 utraque
1727 2889 1818 2979 pars
1848 2858 1961 2946 cedat
1992 2861 2093 2950 omni

462 2981 598 3070 actioni
618 2977 689 3066 litis
710 2978 908 3096 preterita,
939 2978 1083 3072 scilicet
1102 2975 1154 3062 de
1171 2976 1399 3094 homicidijs,
1430 2976 1614 3066 derebus
1637 2979 1792 3087 ablatis,
1824 2979 1873 3067 tle
1892 2976 2093 3068 violatione

328 3195 340 3218 ‚
461 3100 570 3219 pacis
589 3097 732 3184 brunate
751 3095 907 3215 prioris,
934 3124 1005 3182 seu
1026 3091 1323 3213 quibuscumque
1343 3097 1438 3186 iuter
1457 3125 1525 3185 eos
1547 3097 1734 3216 prioribus
1754 3097 2091 3219 pollicitationibus,

462 3217 544 3307 siue
574 3215 720 3318 causis,
756 3210 805 3298 de
836 3211 972 3330 quibis
1002 3211 1091 3298 oriri
1125 3226 1258 3330 posset
1293 3214 1439 3330 questio
1476 3215 1536 3302 uel
1567 3216 1728 3303 moueri:
1763 3213 1832 3303 sed
1865 3211 1955 3303 dato
1985 3216 2092 3333 pacis

462 3333 649 3423 curriculo
666 3330 748 3443 (sic)
769 3359 899 3418 coram
919 3329 1041 3435 nubis,
1061 3329 1193 3446 sopitis
1214 3329 1408 3449 inimicitijs
1427 3333 1626 3439 uniuersis,
1647 3347 1721 3420 tam
1740 3333 1822 3450 ipsi,
1844 3361 1954 3452 quam
1971 3334 2092 3421 omnis

461 3451 625 3573 populus
656 3463 898 3566 utrarumque
927 3462 1110 3536 terrarum
1140 3476 1238 3566 pace
1292 3451 1446 3566 erpetuia
1468 3448 1784 3570 congaudebunt:
1823 3449 1982 3568 lusoper
2001 3479 2091 3569 pro·

463 3571 564 3657 misit
580 3566 724 3654 iuuenis
743 3563 833 3652 Dux
852 3563 1066 3682 Ladpzlaus
1086 3595 1171 3652 cum
1192 3477 1345 3684 prellrtis
1364 3567 1537 3656 militibus
1558 3569 1647 3675 suis,
1678 3597 1749 3688 pro
1770 3569 1943 3656 omnibus
1962 3569 2091 3657 amicis

461 3685 602 3776 domini
625 3681 790 3802 Nyrlridi
810 3695 885 3770 tam
905 3683 1161 3803 presentibus,
1191 3713 1303 3802 qoam
1323 3684 1562 3792 absentibus,
1592 3685 1702 3774 buius
1722 3687 1830 3808 pacis
1848 3685 2090 3776 concordiam

460 3801 720 3894 inuiolabiliter
749 3799 954 3938 obseruari.
1006 3800 1049 3887 Si
1079 3800 1162 3936 quis
1192 3817 1314 3938 autem
1342 3802 1454 3937 buius
1479 3803 1586 3921 pacis
1612 3833 1779 3924 pennos
1803 3800 1947 3892 firmate
1966 3819 2086 3894 truns-

460 3917 2092 4159 affl,ppppdinssspphpepppppnnsp'pfflpplabnoppdpcnppnpplpipzffissp'tc:

459 4157 719 4279 indignatione
752 4157 789 4246 in
819 4155 980 4246 eundem
1012 4157 1179 4244 seuieuto
1209 4157 1377 4278 graviter
1411 4167 1449 4247 et
1477 4187 1652 4266 censura.
1702 4159 1745 4247 ln
1775 4159 1886 4279 hujus
1915 4159 2022 4277 pacis
2051 4170 2091 4244 et

460 4275 666 4368 concordie
704 4274 822 4365 robor
855 4287 1103 4394 perpetuum,
1143 4289 1356 4394 presentem
1394 4278 1572 4398 pagiuam
1612 4307 1728 4395 super
1765 4277 1841 4366 hoc
1880 4275 2088 4366 conlectam

459 4557 523 4628 ulae
544 4563 576 4624 et
595 4555 688 4642 pedes
708 4555 802 4628 alitis.
823 4557 950 4622 mudum
972 4579 1043 4624 vero
1059 4557 1149 4644 piscis
1163 4557 1277 4624 bubens
1291 4559 1475 4628 caedentem.
1510 4558 1686 4628 luseribitur
1707 4561 1738 4626 in
1753 4559 1883 4627 ambitu:
1904 4583 1950 4638 „a
1966 4527 2091 4626 bblerleri

459 4641 631 4796 w
651 4641 901 4791 w!
913 4642 1212 4794 tuAnltorppptpuinorio
1226 4642 1340 4794 ‘offe
1362 4665 1405 4743 ex·
1413 4643 1506 4796 lppppp
1517 4643 1708 4798 mtuiffi,
1695 4652 1900 4732 repraesentat
1912 4645 2089 4792 episcopupp

459 4749 574 4880 :ntem
588 4745 768 4876 bfflrerbo
789 4745 825 4791 ω
838 4743 937 4876 orzi:
979 4747 1228 4878 ἐκώ-Ἢ
1297 4747 1360 4830 ΜΞ
1376 4749 1608 4882 galatia
1721 4737 1859 4816 mm
1873 4736 2036 4805 mm

560 4893 602 4982 p)
634 4809 908 4982 mamilli),
921 4833 1401 4983 &mannam
