4878 5942
1130 773 1403 846 -328-

1150 1091 1381 1208 oootxt.

459 1329 887 1424 Wturttstoutoc⁹
927 1347 1083 1414 omno
1111 1326 1255 1457 1319
1283 1329 1376 1413 otc
1401 1327 1469 1412 15
1496 1329 1696 1413 moneto
1723 1329 2080 1432 septembres.
2155 1275 2160 1284 ⁸
2199 1371 2205 1384 ·

255 1615 260 1624 ,
389 1535 392 1540 ’
450 1531 759 1608 Theodrtcus
775 1532 948 1608 omnnium
963 1502 1234 1605 tttuttistmiensts
1250 1531 1371 1604 oudam
1384 1531 1498 1604 ltuttm
1524 1533 1663 1605 sculteto
1689 1531 1797 1606 vittam
1819 1533 2010 1602 domama
2028 1550 2081 1608 oo·

360 1665 363 1673 ’
993 1633 1539 1726 tonistmqooutuudamcontentu.
2098 1633 2100 1636 ’

551 1829 593 1915 ln
621 1829 771 1915 nomine
801 1821 958 1931 domini,
991 1856 1111 1914 amen.
1173 1823 1259 1914 Nos
1289 1825 1507 1942 Sbylutbus,
1534 1823 1659 1914 diuina
1681 1840 1716 1912 et
1747 1825 1957 1943 apostolice
1977 1824 2082 1914 sedis

450 1945 697 2067 prouidencia
726 1944 1041 2033 wladisleuiensis
1069 1943 1231 2031 ecclesie
1261 1946 1487 2062 episcopus,
1519 1945 1703 2032 uniuersis
1734 1959 1808 2031 tam
1841 1943 2082 2065 presentibus

452 2095 563 2186 quam
584 2065 714 2152 suturis
752 2078 878 2150 notum
915 2063 1194 2149 essevolumus
1215 2077 1411 2178 presentes
1433 2063 1559 2150 literas
1575 2063 1824 2180 inspecturis:
1873 2060 1991 2176 Quod
2026 2060 2081 2148 di·

452 2185 573 2271 lectus
595 2185 631 2269 in
654 2182 806 2268 Christo
827 2183 942 2267 irater
962 2196 1108 2285 noster,
1130 2179 1302 2266 dominus
1323 2179 1559 2269 Theodrious
1581 2182 1794 2298 prepositos
1815 2193 1852 2265 et
1873 2182 2081 2268 canonicus

451 2299 709 2424 prebendatus
736 2299 1072 2404 wladislaoiensis,
1104 2297 1301 2385 intendens
1332 2297 1585 2387 melioracioni
1613 2300 1698 2386 ville
1728 2329 1795 2386 sue
1831 2299 2081 2417 prepositure,
2145 2359 2150 2371 -

453 2421 553 2508 dicte
581 2419 777 2538 wlgariter
805 2423 1040 2508 Mr'ctrouomo
1062 2447 1182 2534 prope
1203 2423 1352 2504 Lubuue
1383 2419 1517 2505 situata
1539 2415 1617 2528 (ἲ),
1650 2419 1731 2506 viro
1759 2416 1919 2535 prouido
1942 2416 2081 2505 Rutino

452 2539 637 2626 scultbeto
659 2535 814 2640 ibidem,
847 2537 1016 2653 exceptis
1038 2535 1228 2622 dumtaxat
1250 2537 1413 2654 quinque
1433 2537 1574 2623 mansis
1596 2567 1665 2652 pro
1692 2538 1758 2654 rijs
1772 2537 1859 2670 jure
1876 2535 2082 2651 Meydbur·

450 2657 578 2777 gensi,
611 2655 659 2741 de
689 2685 878 2742 consensu
906 2669 1038 2745 nostro
1067 2685 1114 2740 ac
1144 2655 1296 2740 fratrum
1327 2671 1541 2742 nostrorum
1574 2569 1890 2741 wladislaureosis
1929 2653 2081 2769 capituli

451 2775 622 2893 exposuit
644 2771 842 2862 locandam
864 2773 935 2861 sub
957 2773 1240 2860 condicionibus
1260 2773 1515 2890 infrascriptis.
1571 2773 1627 2880 lta
1654 2772 1844 2874 videlicet,
1875 2769 1976 2891 qood
1998 2767 2078 2858 dio-

451 2909 513 2982 tus
543 2893 750 2980 scultbetus
781 2922 864 2979 oum
896 2893 1154 3008 suisposteris
1182 2891 1370 3010 legitimis,
1402 2893 1551 2978 nomine
1573 2891 1789 2993 soultbacie,
1811 2905 1890 2978 tres
1925 2918 2081 2977 mansos

452 3011 594 3099 liberos
614 3041 637 3097 a
658 3011 853 3098 solucione
873 3040 1013 3098 census
1044 3011 1130 3126 jure
1163 3009 1389 3096 hereditario
1412 3011 1688 3128 inperpetuum
1711 3007 1969 3128 possidebunt.
2022 3007 2082 3093 De

446 3127 618 3252 judicato
645 3159 739 3216 vero
767 3143 805 3216 et
833 3127 882 3215 de
911 3127 1094 3234 taberoiS,
1126 3142 1309 3246 quotquot
1337 3127 1424 3216 inibi
1451 3128 1574 3216 locate
1595 3129 1739 3231 luerint,
1766 3127 1865 3216 duos
1892 3127 2082 3230 denarios,

295 3308 303 3320 ·
453 3248 554 3337 dicto
585 3238 739 3336 domino
766 3247 961 3366 preposito
991 3263 1027 3336 et
1059 3247 1138 3334 suis
1159 3247 1447 3334 successoribus
1469 3248 1757 3364 presentabunt,
1789 3261 1823 3334 et
1849 3276 1921 3364 pro
1942 3276 1985 3332 se
2006 3259 2081 3333 ter-

453 3369 550 3456 cium
571 3365 792 3454 retinebunt.
856 3365 1032 3452 Ceterum
1054 3365 1176 3452 dictos
1198 3363 1403 3452 seoltbetus
1426 3395 1510 3452 oum
1532 3366 1610 3452 suis
1631 3365 1812 3483 posteris,
1844 3379 1972 3482 preter
1991 3393 2081 3484 gre·

453 3515 543 3606 gem
563 3485 796 3588 villanorum,
813 3484 929 3571 libere
950 3495 1109 3600 pascent
1128 3484 1279 3572 ubilibet
1300 3513 1394 3570 oues
1415 3511 1523 3588 suas,
1545 3485 1626 3570 sine
1647 3499 1769 3570 tamen
1791 3483 1987 3584 cuiuslibet
2013 3512 2081 3570 no·

454 3615 647 3708 cumento,
677 3633 724 3690 ao
755 3605 873 3688 eciam
903 3601 1070 3720 leporem
1092 3633 1175 3690 cum
1198 3601 1372 3708 canibus,
1405 3617 1442 3689 et
1463 3603 1643 3720 quistulas
1674 3631 1757 3689 eom
1783 3603 1867 3690 niso
1888 3601 2080 3691 venabun-

452 3736 523 3810 tur.
583 3720 767 3807 Preterea
794 3719 916 3806 inoole
943 3720 1040 3806 dicte
1070 3721 1173 3824 ville,
1205 3725 1279 3806 un'u
1310 3749 1394 3808 cum
1420 3718 1521 3806 dioto
1542 3718 1728 3807 soultbeto
1749 3731 1787 3806 et
1806 3721 1884 3806 suis
1906 3719 2081 3836 posteris,

453 3853 562 3960 prata
592 3839 688 3926 ultra
719 3836 969 3925 molendinum
992 3837 1129 3956 dictum
1154 3843 1246 3925 Θεία
1267 3839 1451 3943 iacendo,
1484 3839 1520 3924 in
1541 3836 1664 3925 medio
1685 3853 1875 3956 pratorum
1898 3838 1985 3925 dicti
2015 3834 2081 3924 do-
2163 3915 2168 3924 .

452 3959 541 4046 mini
560 3957 760 4076 prepositi,
792 3986 877 4044 oum
907 3957 990 4074 alijs
1016 3957 1131 4072 pratis
1158 3955 1342 4044 haetenus
1375 3985 1443 4074 per
1470 3957 1577 4074 ipsos
1599 3957 1686 4073 jura
1715 3955 1916 4074 polonioali
1937 3953 2081 4056 habitis,

453 4107 526 4166 neo
546 4106 622 4164 non
642 4077 793 4162 borram
816 4076 852 4162 in
873 4104 972 4194 agro
994 4075 1075 4162 sine
1095 4089 1199 4162 sorte
1220 4075 1390 4192 propria,
1422 4075 1522 4162 iuxta
1545 4103 1758 4162 mensuram
1780 4103 2081 4193 unumquemque

321 4221 326 4230 ·
453 4197 752 4315 contingentem,
785 4223 854 4311 pro
874 4225 917 4280 se
937 4223 986 4281 ac
1006 4193 1084 4282 suis
1105 4193 1235 4280 usibus
1256 4194 1338 4306 (sio)
1360 4193 1587 4298 retinebunt,
1619 4223 1690 4308 pro
1711 4223 1828 4282 censu
1851 4205 1975 4280 autem
2002 4221 2081 4278 me-

454 4315 587 4404 morati
607 4313 729 4434 incole
750 4311 852 4400 dicto
874 4311 1024 4399 domino
1046 4311 1239 4431 preposito
1262 4325 1350 4399 octo
1371 4325 1523 4416 scotos,
1554 4309 1706 4430 quilibet
1726 4313 1891 4429 ipsorum
1909 4310 1957 4398 de
1981 4339 2082 4398 mon·
2197 4365 2205 4380 ·

556 4579 597 4665 (¹)
625 4581 674 4647 Ex
689 4579 849 4668 orobetypo
870 4580 1102 4647 membranamo
1116 4579 1256 4646 tabularii
1270 4577 1394 4730 capituli
1408 4577 1678 4647 wladislauiensis.
1722 4577 1800 4644 Huic
1814 4579 1936 4646 utone
1950 4598 2081 4663 appenso

454 4673 526 4734 suot
547 4665 608 4730 duo
628 4663 723 4750 sigilla
744 4665 833 4749 volgo
854 4664 1050 4752 abepiscopo
1065 4673 1096 4730 et
1109 4665 1238 4751 capitulo
1253 4665 1399 4740 eccesiae
1413 4661 1675 4730 Wladislouioosis
1689 4663 1797 4732 usitato
1813 4663 1953 4730 tuniculis
1968 4663 2082 4736 sericio,

455 4751 582 4818 ultorum
595 4770 612 4814 a
627 4749 731 4814 dextra
745 4749 865 4818 tabulae
881 4757 967 4834 parte
980 4749 1115 4816 funiculo
1130 4749 1238 4814 coloris
1253 4749 1370 4826 viridis,
1385 4748 1512 4814 alterum
1527 4747 1660 4815 luuioulo
1674 4747 1783 4814 coloris
1798 4749 1886 4813 rosei.

557 4833 597 4919 (²)
623 4832 765 4900 Loboua
778 4834 933 4922 oppidum,
955 4833 1044 4901 bodio
1069 4834 1177 4902 Lo'bau
1201 4833 1344 4900 territorii
1369 4832 1617 4920 Kwidzpnensisr
1652 4831 1730 4898 circu
1751 4833 1928 4900 Lubawlam
1950 4841 1996 4898 est
2017 4831 2082 4898 villo

457 4919 681 4988 Meclormowo.
