4896 5926
1050 761 1324 836 -ldb—

294 1087 296 1092 Ι
375 963 529 1102 donnino
554 959 743 1054 bliobaela
771 961 969 1082 capellano
1000 963 1103 1052 ourie
1130 977 1282 1101 nostre,
1316 959 1467 1050 laoobo
1481 959 1546 1098 ‘de
1572 965 1727 1098 boore,
1763 975 1802 1099 et
1828 961 2003 1054 iohanne

374 1095 724 1319 ffippprsgupgstm.
772 1079 909 1170 Datum
929 1109 1030 1170 anno
1049 1079 1188 1170 dommi
1213 1079 1272 1168 tr
1294 1079 1414 1168 CCC⁰
1434 1107 1572 1200 pnmo,
1601 1079 1838 1200 qurndaormo
1864 1081 2004 1172 Kolen-

1072 1511 1307 1634 tbtttttv.

418 1783 973 1882 uenrmtouorootoe,
999 1803 1156 1872 muro
1181 1783 1331 1872 1301
1357 1785 1451 1872 dte
1475 1781 1547 1868 18
1572 1783 1773 1870 meum
1797 1783 1959 1886 amar.

372 1985 684 2062 muletans
704 1987 777 2062 ttu
798 1987 945 2084 oderim
966 1985 1168 2061 donationem
1181 1987 1325 2062 rittuun
1339 1989 1462 2077 Itoana
1476 1990 1511 2062 at
1526 1943 1909 2076 &meletianorum
1923 1985 2003 2062 vir·

842 2088 1028 2163 umnam
1040 2089 1157 2164 teuton
1170 2091 1274 2164 rotam
1289 2107 1363 2164 otro
1374 2089 1468 2184 Jubot
1482 2089 1533 2174 (tt

474 2311 517 2400 ln
536 2313 687 2402 nomino
706 2310 865 2420 domini,
893 2341 1015 2402 amen.
1064 2307 1150 2400 Nos
1176 2311 1397 2400 Premislius
1423 2309 1484 2400 dei
1509 2313 1645 2430 grauia
1672 2309 1750 2400 dux
1778 2309 1947 2430 Cuyaoie
1966 2327 2003 2402 at

373 2429 547 2518 dominus
578 2425 847 2537 Wladislauie,
883 2459 958 2517 uon
989 2457 1075 2516 oum
1104 2427 1242 2516 dileoto
1276 2429 1392 2516 tratre
1420 2441 1552 2517 nostro
1581 2427 1681 2516 duee
1710 2428 1936 2548 Kezymiro,
1967 2445 2005 2518 et

372 2545 498 2635 inolita
533 2559 652 2633 matre
685 2560 816 2634 nostra
850 2544 1003 2634 domina
1042 2544 1222 2633 Solomea
1262 2544 1499 2661 presentibus
1533 2547 1753 2665 profitemur
1788 2566 1825 2636 et
1855 2547 2003 2666 publice

372 2679 644 2784 protestamur:
677 2661 780 2784 quod
810 2663 1002 2751 innostra
1028 2662 1288 2782 baronumqua
1313 2676 1527 2750 nostrorum
1554 2664 1752 2780 presencia
1778 2667 2003 2752 constitutus

373 2781 548 2871 dominus
577 2779 759 2870 Niooleus
787 2778 911 2870 dietus
937 2777 1138 2886 Widouiz,
1171 2780 1387 2898 prepositus
1416 2779 1538 2866 sanoti
1566 2777 1764 2867 Michaelis
1793 2779 1844 2868 do
1872 2787 2002 2881 Plotia,

374 2899 482 2989 villas
501 2927 570 2988 seu
591 2897 819 2988 hereditates
838 2927 931 2988 suas
950 2903 1103 3014 lyrano
1122 2911 1160 2986 et
1178 2901 1444 3013 Sroyalorrriro
1459 2891 1515 3010 (²)
1543 2895 1738 3018 wlgariter
1757 2913 2004 3014 nuncupatas,

372 3017 622 3139 recongnouit
641 3017 736 3130 (sio),
756 3046 800 3106 se
821 3015 974 3119 dodum,
993 3045 1124 3106 noram
1144 3015 1347 3106 illustribus
1366 3014 1597 3224 principibus
1616 3013 1777 3106 dominis
1796 3014 2004 3135 Kozymiro

372 3165 448 3226 ouo
469 3148 613 3242 nostro,
633 3150 670 3224 et
688 3133 944 3252 Zemomyslio
964 3149 1073 3256 patre
1092 3150 1237 3244 nostro,
1267 3132 1458 3256 quondam
1505 3133 1641 3224 uoibus
1662 3133 1838 3242 Cuiauie,
1867 3134 2003 3224 wladi-

373 3254 552 3344 alouieosi
572 3253 735 3342 eoolesie
755 3253 981 3361 eontulissa,
1007 3267 1045 3344 et
1064 3253 1186 3344 eoiam
1206 3251 1396 3363 donasse;
1426 3250 1476 3342 do
1496 3253 1632 3374 quibus
1651 3252 1772 3342 ooiam
1790 3251 1901 3342 nobis
1921 3253 2003 3372 ple·

372 3373 456 3462 nius
477 3372 644 3462 oonstitit
663 3401 687 3460 o
706 3370 783 3462 bdo
802 3369 955 3492 dingnis
975 3369 1075 3485 (sio):
1106 3401 1208 3460 nuno
1226 3386 1352 3461 autem
1371 3372 1408 3461 in
1429 3373 1711 3490 presenciarum
1732 3400 1862 3462 aorem
1882 3371 2004 3476 nobis,

373 3489 545 3579 omnibus
575 3489 733 3598 iuribus,
762 3489 1072 3608 possessionibus
1101 3489 1291 3597 ciuilibus,
1325 3489 1559 3580 naturalibus
1587 3489 1761 3580 dominiis
1792 3489 1853 3578 uel
1909 3489 2004 3596 uasi,

373 3605 444 3698 sibi
464 3607 500 3697 in
520 3605 629 3696 dietis
649 3606 745 3696 uillis
765 3637 835 3698 seo
855 3605 1124 3698 hereditatibus
1143 3607 1441 3726 competentibus
1461 3609 1728 3716 reounooiauit;
1750 3519 2004 3698 venerabilem

373 3739 517 3844 patrem
544 3719 735 3814 dominum
764 3723 1018 3816 Gerwardum
1039 3723 1201 3816 eoolasie
1220 3724 1537 3818 wladislauiensis
1557 3727 1793 3862 episeopum,
1822 3741 1860 3814 et
1878 3725 2004 3816 ecole-

372 3845 468 3936 siam
488 3841 846 3954 wladisleuiensem,
875 3844 1222 3934 inmemoraturum
1249 3842 1495 3933 hereditatum
1524 3869 1792 3964 possessiones
1818 3869 2003 3959 corpora·

373 3959 455 4050 liter
471 3959 698 4050 induoendo.
741 3959 884 4050 Uerum
904 3960 1008 4081 quod
1029 3991 1146 4080 super
1163 3961 1234 4050 biis
1244 3963 1423 4167 (prelatus
1443 3971 1551 4081 poter
1570 3976 1700 4050 noster
1718 3960 1830 4078 peoiit
1848 3989 1871 4046 a
1892 3955 2003 4048 nubis

372 4106 619 4184 eonsensum,
647 4104 719 4167 nos
740 4078 975 4169 donaciones
994 4109 1065 4200 per
1083 4079 1222 4166 dietum
1272 4081 1433 4168 ominum
1457 4077 1505 4167 N.
1524 4077 1687 4168 eoobsie
1707 4074 2003 4164 wladislauiensi

372 4193 512 4284 dudum
542 4197 683 4302 lautas,
713 4209 817 4286 rates
843 4213 881 4286 et
899 4212 1033 4317 gratas
1053 4193 1257 4304 babentes,
1285 4209 1468 4316 perpetuo
1494 4195 1770 4286 consumamus.
1820 4189 1880 4284 No
1907 4221 2002 4288 vero

425 4546 431 4561 .
471 4462 512 4562 tt)
538 4461 587 4530 Ex
607 4461 769 4562 mobatrpo
790 4460 1020 4561 membranaceo
1041 4463 1074 4562 in
1088 4461 1238 4563 tributario
1258 4462 1377 4548 oopitnli
1390 4461 1650 4562 mediolanensis
1664 4469 1829 4530 mmmm.
1863 4459 2001 4549 Sigillum

371 4567 495 4635 majona
510 4546 625 4614 lormoa
639 4545 773 4614 tumente
787 4567 884 4614 serron
898 4546 1008 4614 oolorrs
1020 4547 1122 4614 randis
1137 4555 1449 4645 appensumppombrs
1461 4546 1603 4616 delatum.
1748 4609 1753 4616 .

371 4631 620 4784 mitit·
638 4629 2001 4802 tutmtttuutttmttut“tututttttututtttttt

371 4809 417 4868 er
436 4801 469 4900 n
483 4739 589 4900 nino
609 4763 698 4870 iurat
718 4739 950 4904 isaeotnnm
974 4797 1124 4903 Situm
1143 4800 1190 4900 yn
1215 4739 1560 4952 momentis
1579 4737 1820 4889 synnodus,
1841 4763 2001 4888 muto

371 4883 654 4972 monstraremus
669 4884 812 4954 Summa
825 4907 852 4954 r.
867 4885 1022 4954 dmm
1035 4905 1167 4972 regronra
1180 4883 1315 4952 lunrrrla
1389 4901 1510 4954 rreum.

1794 4998 1842 5058 m!
