4878 5942
933 674 1386 818 'ucsof

381 951 467 1015 men
487 923 620 1014 existit·
650 919 940 1041 interloquendo
958 917 1246 1012 dictoBorocbe
1265 921 1505 1027 iniunximus,
1536 919 1775 1040 precepimus
1795 935 1832 1010 et
1853 919 2008 1010 mauda-

353 1124 360 1145 ,
381 1044 523 1146 nimus,
552 1040 667 1130 ut'de
685 1053 815 1129 cetero
835 1037 885 1126 de
905 1037 1014 1128 dictis
1048 1039 1289 1129 straminibus
1308 1038 1455 1126 decime
1473 1038 1511 1126 in
1530 1043 1701 1126 amoueo
1721 1037 1907 1157 praebete,
1938 1039 2011 1130 do·

381 1162 483 1248 mino
518 1155 680 1247 Nicoiao
715 1157 913 1248 Canonico
950 1155 1121 1274 predicto
1156 1156 1280 1245 debite
1308 1187 1353 1244 se
1373 1185 1449 1244 non
1478 1155 1703 1255 immisceat,
1734 1156 1804 1244 sed
1826 1157 2011 1276 permittat

256 1327 261 1334 ·
381 1275 544 1366 eundem
565 1291 603 1364 et
622 1275 704 1362 eius
723 1302 973 1363 successores
999 1274 1188 1393 legitimos
1216 1272 1265 1360 de
1286 1272 1429 1362 eisdem
1450 1272 1688 1362 straminibus
1708 1272 1854 1362 decime
1874 1303 2010 1394 supra·
2105 1337 2110 1353 .

241 1476 247 1485 .
381 1407 503 1498 tacte,
532 1393 636 1480 iuxta
657 1421 787 1478 eorum
808 1390 948 1480 libitum
969 1404 1007 1478 et
1026 1391 1275 1498 voluntatem,
1304 1387 1509 1512 disponere
1529 1407 1566 1480 et
1586 1389 1776 1510 gaudere:
1807 1407 2009 1480 consuetu·
2091 1425 2100 1453 ⁸

381 1510 470 1600 dine
490 1541 560 1629 per
580 1511 702 1628 ipsum
721 1510 909 1630 allegata,
941 1538 1016 1628 que
1070 1511 1176 1596 ocius
1203 1509 1419 1628 corruptela
1450 1538 1563 1629 quam
1605 1507 1843 1598 consuetudo
1865 1507 2010 1614 dicitur,

381 1658 458 1716 non
479 1627 664 1716 obstante.
703 1624 767 1717 Ad
788 1625 891 1745 quod
910 1539 1121 1715 iacientium
1142 1655 1232 1715 mcx
1252 1625 1377 1716 dietus
1397 1621 1576 1736 Borsoba
1595 1655 1639 1714 se
1660 1625 1842 1746 obligauit
1862 1640 1899 1714 et
1919 1655 2009 1746 pro-

275 1809 277 1814 ,
379 1746 479 1834 misit
500 1743 688 1861 premissa
706 1741 954 1862 impleturum.
1003 1744 1214 1857 Statimque
1242 1742 1417 1834 dominus
1442 1743 1625 1834 Nicotaus
1646 1743 1862 1834 Canouieus
1882 1742 2009 1861 pradi-

381 1875 478 1965 ctus,
514 1860 757 1982 obligacione
792 1875 830 1950 et
848 1863 1038 1982 promisso
1059 1859 1272 1950 huiusmodi
1306 1860 1461 1968 auditis,
1491 1862 1755 1981 recepoionem
1792 1862 2010 1950 straminum

378 1976 635 2097 predictorum
655 1975 757 2066 dicto
776 1976 955 2068 Borscbe
975 1979 1070 2092 (sic),
1091 1980 1185 2068 abas
1205 1979 1341 2068 iactam
1361 2009 1431 2096 per
1449 1977 1756 2096 ipsum‚·indulsit
1774 1993 1812 2068 et
1830 1980 2012 2099 pepercit,

380 2095 568 2186 dimittens
588 2094 637 2183 de
658 2093 792 2184 eadem
826 2099 1054 2216 recepcione
1074 2109 1112 2186 et
1131 2097 1409 2186 intromissione
1443 2097 1599 2186 liberum
1620 2109 1658 2185 et
1678 2095 1852 2185 solutum.
1903 2094 2010 2185 ¹Lata

381 2225 419 2302 ot
433 2212 683 2331 pronunciata
707 2227 769 2302 ast
795 2213 868 2303 bec
893 2229 1025 2304 nostra
1049 2215 1242 2304 sentencia
1275 2227 1313 2302 et
1342 2214 1532 2334 obiigacio
1563 2244 1613 2302 oc
1646 2213 1847 2333 promissio
1882 2213 2010 2304 buius·

380 2327 483 2418 modi
506 2331 611 2420 iacta
632 2330 704 2424 sub
724 2360 825 2420 anno
847 2330 986 2420 domini
1016 2332 1210 2420 millesimo
1231 2329 1603 2450 quadringentesimo
1630 2333 1768 2436 tercio,
1799 2329 2011 2421 indiccione

380 2445 590 2552 undecimo,
606 2445 668 2534 die
688 2460 798 2535 senta
817 2449 959 2538 mensis
973 2445 1212 2554 Nouembris,
1232 2445 1330 2536 bora
1341 2449 1511 2540 nonavel
1522 2447 1641 2566 quasi,
1658 2449 1695 2534 in
1712 2449 2011 2554 mauritaniam

381 2561 497 2655 domo
516 2562 763 2652 habitacionis
783 2562 1043 2670 nostre,nobis
1058 2593 1130 2682 pro
1151 2563 1323 2652 tribunali
1343 2563 1575 2670 sedentibus,
1587 2563 1828 2682 pontificatus
1848 2566 2010 2654 sanctis·

381 2681 466 2770 simi
485 2682 523 2770 in
545 2681 696 2769 Christo
716 2682 834 2797 patris
854 2695 892 2770 et
911 2678 1052 2768 domini
1077 2682 1197 2768 nostri
1228 2679 1368 2768 domini
1387 2679 1582 2798 Boniiutij,
1609 2679 1735 2768 diuina
1764 2681 2010 2799 prouidencia

408 2827 482 2917 ape
495 2799 590 2910 ,noni
609 2827 711 2886 anno
732 2809 868 2917 quarto
889 2796 1051 2886 decimo.
1102 2796 1350 2886 Prosentibus
1384 2797 1560 2886 discretis
1589 2798 1768 2886 dominis:
1798 2797 1921 2895 Paulo
1941 2797 2010 2886 Jo-

380 2829 515 3004 banois
543 2914 592 3005 de
612 2922 762 3030 appo,
791 2913 952 3005 Notario
1000 2914 1124 3003 oblico
1153 2914 1374 3022 Pincensis,
1411 2911 1571 3004 Nicolao
1600 2914 1705 3004 Petri
1734 2913 1784 3002 de
1811 2921 2011 3027 Heracon,
2119 2999 2127 3027 ‚

377 3032 649 3123 Bacoalaureo
669 3033 883 3140 inertibus,
897 3046 942 3162 pt
961 2945 1118 3122 iudces
1136 3029 1333 3121 Domasloi
1353 3030 1404 3122 de
1422 3037 1565 3138 Vocem,
1585 3031 1824 3122 Gneznensis
1845 3032 2014 3150 diocesis
2111 3069 2118 3107 ι

382 3147 530 3240 clericis
550 3148 617 3263 (³).
667 3150 711 3238 ln
732 3179 892 3270 quorum
926 3151 1091 3239 omnium
1111 3165 1149 3238 et
1169 3149 1403 3269 singulorum
1433 3147 1546 3238 iidem
1567 3163 1606 3238 et
1624 3151 1893 3258 testimonium,
1922 3181 2010 3269 pre·

382 3280 512 3369 sentes
530 3267 660 3357 literas
679 3298 749 3386 per
769 3267 1007 3388 Boguslaum
1031 3265 1228 3354 Notarium
1249 3265 1436 3384 pubiicum
1456 3267 1731 3384 infrascriptum
1752 3267 1865 3355 scribi
1886 3283 1925 3355 et
1944 3297 2010 3386 pu·

380 3381 514 3521 bboari
540 3385 716 3492 iacimus,
747 3387 939 3506 nostrique
969 3383 1194 3474 officiuIatus
1214 3384 1297 3496 (sic)
1321 3385 1434 3504 sigilli
1454 3385 1687 3502 appensione
1702 3386 1884 3474 iussimus
1905 3415 2009 3474 com·

382 3531 526 3592 muniri.

406 3637 410 3648 '
483 3619 546 3732 (S.
566 3616 639 3756 Ni·
663 3618 721 3735 (⁴)
765 3619 817 3710 Et
836 3649 913 3827 epu
933 3621 1156 3743 Bogosiuus'
1176 3617 1390 3758 erybistai
1418 3619 1467 3709 de
1487 3620 1656 3738 Swinby,
1678 3621 1839 3711 clericus
1861 3617 2010 3710 Wladi·

381 3735 581 3827 stomensis
601 3735 786 3842 mucosis,
808 3763 858 3857 pu

380 3854 500 3991 sentis
519 3883 654 3992 coram
670 3855 881 3992 honorabili
902 3855 1056 3948 domino
1074 3769 1236 3992 bfficiuii
1257 3855 1428 3978 predicto
1446 3857 1602 3947 scribas
1616 3857 1704 3977 qma
1723 3856 1903 3990 predictis
1921 3884 2010 3991 sen·

380 3974 623 4108 tencracroni3
653 3973 883 4112 obiipacroni
913 3989 951 4106 et
967 3975 1237 4112 ppomissiom,
1251 4003 1316 4101 ⁸¹au
1347 3975 1430 4110 aiijs
1449 3975 1645 4109 premissis
1673 4003 1837 4109 ‘roseos'
1853 3973 2010 4108 interim,

381 4091 1484 4312 ”iiiiii-aiiiffiiibiffibti‘iiiiiib
1504 4088 2010 4296 bttutttttstt
2039 4265 2042 4274 .

354 4359 367 4450 Ι·
380 4233 660 4412 ¹otisnscribindo
679 4322 834 4442 redegi,
853 4325 1042 4443 signoque
1055 4315 1107 4456 ct
1119 4325 1269 4412 nomine
1288 4327 1381 4412 meis
1400 4324 1519 4414 solitis
1539 4339 1577 4411 et
1598 4273 1807 4428 coosbetis,
1829 4237 1903 4412 uiia
1924 4237 2008 4412 ium
2083 4305 2086 4312 ’

885 3739 1000 3848 licus,
1031 3741 1080 3827 im
1109 3739 1214 3828 amalr
1239 3741 1479 3844 auctoritate,
1508 3737 1689 3829 Notarius
1718 3768 1768 3828 ac
1786 3769 1904 3828 cause
1922 3769 2009 3857 pre·

483 4638 524 4738 (³)
551 4590 815 4738 apocopum
829 4641 961 4726 regions
975 4639 1160 4708 camum
1174 4641 1347 4727 summm
1370 4641 1503 4708 rotza
1526 4640 1692 4726 prauum)
1706 4641 1850 4728 oppidum
1866 4642 2008 4710 aarum

374 4721 612 4803 'Poouunrensm
632 4726 765 4810 regionis
779 4731 876 4810 caput
904 4748 922 4774 -·
1071 4783 1074 4790 r
1255 4749 1259 4756 ·
1883 4741 1884 4744 ’

482 4807 524 4890 (⁴)
552 4807 679 4893 Signum
693 4807 806 4879 Notarii
821 4807 917 4888 idam,
939 4807 1022 4896 quod
1037 4807 1068 4877 iu
1082 4809 1183 4880 Quin
1198 4811 1270 4880 anni
1285 4808 1368 4879 1403
1383 4809 1520 4896 proxima
1533 4811 1688 4896 mouenti,
1702 4809 1834 4878 officum
1848 4811 1991 4892 cernitur.

824 4969 827 4976 .
993 4936 996 4944 ’
1803 4925 1850 4982 45·
