4926 5940
1125 729 1400 816 -nc-

447 964 565 1038 stram
594 946 821 1034 sentenciam
852 944 1065 1034 arbitralem
1095 944 1131 1031 in
1161 977 1205 1034 se
1226 944 1461 1058 continentes
1482 975 1551 1034 seu
1572 944 1769 1062 continens
1790 945 1927 1035 exinde
1944 949 2023 1038 lieri
2043 960 2090 1040 et.

446 1093 520 1190 per
535 1067 721 1154 lacobum
750 1063 894 1153 blatbia
915 1063 963 1152 de
990 1071 1176 1171 Lonc'cic,
1197 1061 1390 1151 Notarium
1407 1063 1594 1184 publicum
1617 1080 1654 1152 et
1672 1066 1759 1152 lacti
1779 1066 1992 1156 huiusmodi
2013 1099 2081 1160 co-

448 1215 529 1274 ram
551 1184 659 1274 nobis
680 1184 843 1272 scribam
866 1183 1160 1302 infrascriptum,
1192 1183 1377 1271 subscribi
1406 1198 1443 1270 et
1468 1183 1668 1301 publicari,
1693 1199 1984 1310 nostrorumque
2011 1218 2080 1308 ap·

445 1305 630 1421 pensione
650 1302 856 1420 sigillorum
877 1302 1053 1390 iussimus
1074 1301 1304 1390 communiri.

485 1451 487 1465 ⁴
546 1421 602 1530 (S.
624 1419 688 1531 N.)
717 1420 767 1508 Et
786 1449 863 1539 ego
878 1419 1050 1508 lacobus
1071 1419 1212 1510 Molbie
1228 1419 1277 1506 de
1297 1425 1489 1524 Loncr'cia,
1512 1419 1673 1508 clericus
1694 1423 1926 1538 gneznensis
1947 1422 2077 1512 dioce-

445 1541 516 1643 sis,
547 1538 719 1658 publicus
739 1539 919 1656 imperiali
939 1541 1163 1627 auctoritate
1183 1539 1370 1642 notarius,
1402 1567 1450 1625 ac
1470 1567 1600 1628 coram
1622 1539 1775 1654 prelatis
1797 1539 1958 1629 dominis
1978 1543 2078 1630 arbi-

446 1659 513 1748 tris
543 1671 582 1746 at
609 1657 867 1745 amicabilibus
895 1658 1213 1776 compositoribus
1233 1655 1445 1766 huiusmodi
1465 1659 1553 1744 lacti
1575 1656 1727 1745 scriba:
1775 1655 1877 1773 Quia
1898 1659 2078 1777 predictis

445 1777 742 1895 compromisso,
768 1777 948 1882 leccioni,
978 1779 1170 1865 sentencie
1199 1773 1384 1863 arbitralis
1413 1775 1755 1892 pronunciaeioni,
1772 1775 1948 1886 leccioni,
1978 1807 2077 1896 pene

444 1895 664 2001 vallacioni,
695 1895 910 2012 recepoioni
937 1907 978 1982 et
1003 1891 1344 2015 emologacioni'et
1362 1896 1452 2012 'alis‘
1482 1893 1655 1980 omnibus
1682 1893 1877 2011 premissis
1897 1925 1972 1983 una
1992 1924 2076 1984 cum

444 2013 714 2132 prenominatis
734 2012 913 2119 testibus,
943 2011 1032 2098 dum
1054 2015 1111 2099 sic
1130 2027 1338 2131 agerentur
1356 2025 1392 2100 ct
1413 1925 1562 2113 berent,
1594 2012 1754 2128 presens
1770 2013 1935 2117 interlui,
1957 2037 2079 2148 eaque

445 2132 502 2218 sic
522 2131 601 2217 lieri
621 2130 697 2215 vidi
719 2141 757 2214 et
776 2129 917 2230 audiui,
948 2127 1034 2215 ideo
1056 2145 1252 2242 presentes
1273 2129 1418 2215 literas.
1449 2129 1531 2215 siue
1552 2127 1625 2215 boc
1643 2159 1803 2246 presens
1820 2129 2010 2246 publicum
2023 2162 2079 2219 rn-

446 2260 703 2347 strumentum,
725 2245 955 2332 sentenciam
975 2243 1186 2332 arbitralem
1202 2245 1238 2332 iu
1253 2273 1298 2330 se
1319 2245 1554 2333 continentes
1573 2246 1655 2332 siue
1674 2247 1890 2345 continens,
1911 2275 1972 2334 me
1993 2250 2079 2337 olli·

446 2367 492 2482 cij
517 2365 588 2450 mei
608 2361 737 2450 arduis
757 2378 955 2478 occupato,
977 2392 1047 2479 per
1061 2362 1173 2448 alium
1189 2363 1368 2478 scriptum
1390 2362 1525 2450 exinde
1541 2363 1703 2469 confeci,
1724 2393 1783 2448 me
1797 2365 1951 2482 propria
1967 2395 2079 2456 manu

446 2481 678 2598 subscripsi,
710 2494 748 2566 et
766 2481 803 2567 in
824 2479 923 2567 banc
943 2481 1128 2598 publicam
1149 2480 1306 2568 lormaru
1327 2480 1483 2600 redegi,
1514 2482 1628 2686 sipon
1649 2496 1688 2568 et
1707 2483 1858 2591 nornine
1876 2483 1969 2570 meis
1989 2484 2079 2572 soli·

446 2601 493 2688 tis
514 2613 552 2686 et
571 2599 765 2686 consuetis
785 2626 860 2686 vna
882 2627 967 2706 cum
988 2598 1224 2717 appensione
1244 2597 1451 2718 sigillorum
1473 2629 1541 2715 pre
1570 2599 1731 2687 ictorum·
1758 2598 1994 2691 dominorum
2013 2631 2076 2689 ar-

445 2717 625 2806 bitrorum
646 2717 871 2836 consignaui
892 2717 928 2804 in
949 2715 1061 2806 iidem
1083 2729 1121 2805 et
1141 2717 1388 2810 testimonium
1410 2715 1572 2806 omnium
1593 2719 1874 2838 premissorum.

1106 3043 1421 3164 ccccxxxi.

448 3279 521 3360 lm
548 3274 763 3378 oppido
780 3274 1090 3362 Κοκκηίου
1115 3293 1272 3362 omno
1296 3273 1448 3362 1429
1476 3276 1570 3362 dte
1587 3273 1626 3360 2
1642 3297 1713 3362 rm.
1737 3273 2075 3360 Decembris.

446 3475 671 3552 lomes
685 3479 725 3552 ta
741 3478 940 3569 Szaekoetry
958 3477 1158 3554 maenam
1177 3475 1371 3552 tntltnmrtr
1390 3477 1522 3554 obtento
1538 3477 1744 3553 rvtrlirlro
1757 3475 1843 3570 nego
1855 3475 2001 3552 lolcnlm
2020 3475 2078 3552 tlt·

685 3581 852 3673 pittacum
872 3581 1056 3657 ltobrtumol
1071 3582 1113 3657 at
1126 3583 1215 3656 mm
1232 3581 1338 3658 onor
1354 3581 1540 3673 exemero
1555 3599 1591 3656 ro
1605 3579 1776 3671 romum
1788 3581 1840 3668 (¹).

549 3769 640 3890 Ego
655 3769 852 3858 lebannes
865 3769 915 3856 de
930 3776 1170 3877 Serekoerin,
1184 3773 1414 3860 oastdlanus
1429 3771 1663 3873 loblinensis,
1683 3798 1758 3857 una
1773 3797 1859 3856 cum
1880 3767 1965 3888 lllijs
1986 3767 2079 3857 meis

446 3887 597 4008 publico
618 3888 802 3977 confiteor
821 3905 860 3980 at
879 3915 1148 4008 recongnosco
1167 3890 1271 4002 (sic),
1303 3919 1363 3976 me
1383 3891 1579 4006 recepisse
1598 3904 1633 3978 et
1653 3887 1831 3976 babuisse
1859 3889 2075 3999 capitanea·

447 4019 525 4094 turn
546 4005 836 4096 dobrzinenscm
867 4035 955 4094 cum
985 4023 1087 4096 terra
1122 4021 1159 4096 et
1180 4007 1353 4098 omnibus
1383 4007 1614 4113 ciuitatibus,
1646 4005 1787 4125 opidis,
1818 4004 1976 4108 eastris,
2007 4001 2077 4092 vil·

294 4151 301 4166 ’
446 4121 492 4212 lis
512 4139 550 4214 et
569 4125 653 4214 ali‘s
673 4128 784 4216 bonis
804 4127 854 4219 ad
876 4125 958 4243 ipsa
979 4124 1255 4242 spectantibus,
1287 4155 1311 4214 a
1331 4125 1576 4214 serenissimo
1594 4125 1764 4244 principa
1782 4120 1937 4212 domium
1967 4119 2077 4208 wu-
2148 4169 2151 4176 ·

446 4241 581 4348 dislac,
602 4157 663 4333 dei
683 4247 815 4362 gracia
835 4241 950 4362 Rege
969 4243 1130 4334 Polonie
1150 4259 1222 4333 etc.
1245 4244 1396 4334 domino
1417 4243 1526 4370 michi
1547 4243 1851 4370 gloriosissimo,
1871 4237 1921 4328 ad
1948 4251 2077 4324 tenen-

448 4359 536 4482 dum
567 4377 605 4450 et
633 4363 921 4483 gubernandum
950 4363 1060 4450 michi
1080 4361 1169 4456 doto
1190 4378 1229 4451 et
1249 4391 1449 4452 concessa.
1484 4362 1544 4450 De
1565 4388 1642 4477 quo
1664 4358 1816 4480 quidem
1837 4368 2076 4476 capuaneatu
2170 4397 2172 4402 v

447 4507 517 4565 seu
536 4491 684 4588 tenuta,
705 4483 852 4601 prelato
868 4481 1022 4570 domino
1042 4493 1174 4571 nostro
1195 4479 1319 4601 Regi,
1339 4479 1499 4600 singulis
1519 4480 1638 4586 annis,
1659 4476 1955 4598 quadringentas
1974 4501 2075 4560 mar·

550 4725 591 4810 (¹)
620 4729 666 4794 Ex
681 4729 843 4820 archetypo
857 4673 1088 4799 mambranaceo
1102 4730 1308 4799 Veneriensis
1328 4689 1466 4799 tabularii
1487 4677 1597 4819 publici
1610 4730 1709 4818 Regni
1724 4728 1886 4806 Pelopiae,
1907 4733 1938 4794 ot
1953 4722 2075 4812 quidam

449 4834 466 4879 c
481 4812 582 4878 tabula
598 4814 652 4879 Nm
671 4814 735 4878 569
750 4817 942 4902 descriptum.
979 4815 1123 4915 lsaeoiola
1138 4837 1193 4903 per
1213 4836 1320 4918 amena
1341 4837 1507 4970 appensum
1523 4815 1653 4916 sigillum
1667 4813 1792 4880 minoris
1806 4811 1931 4932 lormse,
1946 4809 1978 4874 in
1992 4815 2078 4915 septp

447 4905 658 4987 repraesentat
671 4917 789 4983 msrgne
809 4899 959 4982 caraem
972 4901 1096 4969 drotum.
1110 4901 1138 4969 E
1152 4923 1171 4970 r
1266 4925 1297 4970 ru
1311 4923 1360 4970 am
1382 4909 1426 4970 rtu
1441 4909 1607 4988 roscnptrs,
1622 4906 1749 4988 pomum
1761 4897 1835 4982 legi.
1849 4917 1896 4976 „a
1909 4893 2059 4961 mbmuar.
