4926 5940
1056 783 1332 858 -3tr-

550 1233 553 1242 ,
1089 1088 1300 1208 ocouv.
1570 1209 1572 1216 ,

555 1250 843 1412 nomena,
870 1287 1026 1402 cono
1043 1313 1187 1404 1412
1205 1316 1299 1404 ore
1316 1255 1387 1402 aa
1404 1312 1603 1404 memo
1620 1319 1842 1424 somus.
1966 1441 1987 1450 ..

421 1515 645 1590 loannes
659 1513 830 1610 lptscopur
843 1513 1113 1593 Wtrdruuieuris
1126 1514 1320 1610 priuilegium
1333 1517 1505 1594 scultetici
1519 1518 1615 1595 ultus
1628 1521 1753 1592 Jezaoo
1767 1521 1896 1598 {moret
1911 1523 1966 1611 (¹).

480 1706 694 1796 innomine
714 1707 871 1814 domini,
901 1735 1023 1796 amco.
1074 1705 1158 1797 Nos
1177 1707 1393 1818 lohannes,
1419 1709 1480 1798 dei
1501 1711 1636 1830 gracia
1655 1707 1874 1831 Episcopus
1895 1709 2035 1846 Wlss
2106 1807 2107 1810 γ

379 1823 634 1931 dislavieusis,
665 1855 737 1914 nec
755 1825 834 1914 noir
859 1825 1031 1915 Abbaoie
1059 1828 1190 1916 Sancti
1218 1827 1371 1916 Martini
1400 1829 1648 1919 Sacrimoutis
1668 1830 1883 1936 Pannonio,
1913 1831 2008 1920 lau-

377 1943 514 2030 riensis
544 1943 724 2047 diocesis,
755 1945 1053 2052 administrator,
1090 1961 1128 2035 et
1154 1943 1243 2033 Dux
1274 1941 1507 2063 Opolieusis.
1559 1947 1622 2035 Ad
1642 1949 1901 2036 universorum
1932 1964 2008 2037 tam

378 2057 616 2179 presencium
645 2091 758 2181 quam
786 2064 992 2153 futurorum
1012 2065 1189 2153 noticiam
1209 2065 1446 2183 presentibus
1466 2065 1639 2154 volumus
1660 2064 1848 2154 devenire:
1885 2063 2004 2180 Quod

378 2176 429 2265 ad
448 2191 617 2266 nostram
638 2180 793 2268 veniens
813 2184 1049 2298 presenciam
1070 2181 1234 2272 lllatbins
1249 2181 1377 2271 dictos
1398 2183 1599 2288 Scbkoda,
1626 2183 1817 2271 Scultetus
1836 2183 1923 2270 ville
1943 2211 2008 2272 eo·

379 2295 494 2383 olesie
514 2311 643 2385 nostre
664 2296 1014 2406 Wladislaviensis,
1033 2308 1186 2387 Jercwo
1207 2301 1414 2434 vulgariter
1442 2305 1630 2390 nominate
1651 2303 1687 2388 iu
1708 2317 1806 2389 terra
1826 2292 2008 2388 Pomera-

379 2413 438 2501 uie
459 2408 609 2517 situate,
638 2414 823 2532 nobisque
844 2421 1033 2532 exposuit,
1053 2418 1212 2533 qualiter
1230 2417 1462 2536 privilegium
1484 2447 1601 2535 super
1620 2417 1817 2506 looaoione
1838 2418 2007 2506 eiusdem

380 2530 476 2634 ville,
498 2531 584 2618 olim
605 2531 772 2619 scultetis
792 2531 1131 2651 predecessoribus
1148 2561 1387 2639 concessum,
1410 2549 1513 2621 esset
1534 2533 1604 2619 illis
1625 2535 1855 2649 temporibus
1876 2562 2007 2652 gwer-

377 2675 505 2736 rarum
526 2677 619 2735 casu
640 2649 790 2736 iortuito
812 2649 882 2737 sibi
903 2649 1086 2766 perditum
1108 2665 1145 2738 et
1163 2651 1354 2756 amissum,
1370 2666 1435 2738 aut
1449 2652 1549 2770 ignis
1564 2651 1740 2739 incendio
1756 2649 2007 2760 combustum

378 2780 535 2884 propter
562 2766 664 2885 quod
693 2768 848 2871 timens,
879 2767 949 2854 sibi
979 2781 1016 2857 et
1036 2767 1326 2856 suecessoribus
1346 2769 1425 2857 suis
1455 2797 1503 2856 ex
1523 2766 1672 2856 delectu
1699 2765 1911 2855 huiusmodi
1929 2767 2007 2885 pri·

376 2883 504 3004 vilegij
525 2885 730 3002 periculum
751 2885 931 2974 inminere
960 2885 1062 2999 (sio),
1092 2915 1141 2974 ec
1159 2915 1236 2975 nott
1256 2885 1443 2974 modicum
1474 2886 1557 2973 luri
1578 2913 1650 2976 suo
1670 2885 1864 3004 deperire,
1894 2883 2006 2975 nobis

377 3029 530 3120 quoque
549 3001 733 3091 humiliter
752 3003 994 3121 supplicavit,
1025 3019 1208 3122 quatenus
1230 3004 1305 3093 sibi
1317 3004 1551 3124 privilegium
1571 3033 1710 3122 novum
1731 3033 1817 3091 oum
1837 3001 2005 3122 descrip-

250 3171 254 3178 ·
377 3120 488 3224 cioue
507 3119 629 3226 luris,
660 3141 736 3240 quo
758 3121 841 3238 ipsa
870 3121 957 3211 villa
986 3122 1111 3212 locata
1137 3123 1270 3230 estitit,
1300 3123 1481 3241 graciose
1510 3121 1727 3210 concedere
1748 3121 2003 3240 dignaremur.

378 3235 572 3355 Cuiusque
594 3239 775 3360 privilegii
807 3255 973 3328 tenorem
1004 3239 1202 3360 diiigenter
1221 3239 1442 3360 inquirendo
1463 3241 1500 3326 io
1521 3239 1729 3328 Thesauria
1752 3237 1914 3363 ecclesie
1935 3263 2005 3325 no·

376 3367 455 3443 stre
475 3353 663 3471 predicte,
685 3371 722 3444 et
741 3357 835 3445 alias
850 3358 886 3444 in
900 3360 1071 3476 armorijs
1092 3358 1247 3462 nostris,
1267 3357 1378 3444 nichil
1398 3371 1520 3445 tamen
1541 3357 1688 3473 penitus
1709 3356 1757 3444 de
1777 3356 1870 3442 lure
1886 3355 2005 3473 ipsius

376 3476 624 3590 reperientes:
667 3459 838 3592 preterea
873 3506 961 3563 rece
990 3479 1036 3564 tis
1071 3477 1269 3564 multorum
1298 3492 1512 3563 nostrorum
1548 3475 1709 3561 fidelium
1752 3489 1789 3560 et
1808 3475 2004 3590 presertim
2079 3587 2084 3602 1

377 3588 496 3692 Petri,
517 3591 720 3680 Temcbine
742 3606 779 3678 et
801 3591 943 3680 Nicolai
963 3507 1151 3694 ienman,
1173 3593 1361 3710 quondam
1389 3593 1446 3680 W
1451 3591 1678 3678 lodariorum
1701 3607 1915 3691 nostrorum
1935 3590 2004 3678 ibi·
2072 3677 2074 3686 ι

373 3703 460 3792 dem
481 3709 555 3795 fide
576 3709 690 3828 digne
711 3712 1099 3799 informacione—ex
1119 3741 1277 3831 quorum
1297 3710 1564 3800 informacioue
1579 3711 1616 3800 in
1637 3711 1765 3828 primis
1785 3709 2003 3825 reperimus,

376 3823 500 3912 villam
521 3829 639 3944 ipsam
661 3835 831 3932 Jezowo,
854 3829 1104 3949 quadraginta
1126 3861 1238 3916 unum
1259 3859 1415 3917 mensos
1437 3830 1472 3914 in
1494 3831 1600 3947 agris
1621 3860 1645 3916 a
1667 3830 1834 3945 primeva
1856 3853 1925 3911 sna
1946 3825 2002 3910 lo-

375 3945 532 4032 cucione
548 3948 752 4052 continere,
763 3947 813 4034 de
829 3948 963 4066 quibus
977 3947 1134 4054 sculteti,
1151 3950 1213 4065 qui
1225 3977 1296 4066 pro
1312 3965 1481 4064 tempore
1498 3947 1654 4049 buerunt,
1671 3958 1831 4062 quatuor
1847 3968 2002 4028 mansos
2122 4003 2132 4030 .

316 4113 322 4122 ·
375 4057 515 4149 liberos
535 4090 560 4147 a
580 4063 774 4153 solucione
794 4095 934 4154 census
954 4065 1166 4171 dumtaxat,
1186 4091 1234 4152 ac
1254 4064 1376 4152 lacum
1396 4064 1487 4150 loris
1507 4062 1628 4148 villam
1650 4091 1734 4148 cum
1755 4060 1880 4174 aliqua
1894 4073 2001 4176 parte

441 4307 445 4314 '
476 4361 516 4446 (¹)
545 4363 593 4430 Ex
612 4361 772 4450 archetypo
792 4363 1023 4432 membranaceo
1040 4363 1179 4432 tebtrlotii
1193 4341 1313 4460 capituli
1331 4359 1598 4428 Windislouiensis.
1634 4360 1662 4428 E
1682 4357 1798 4438 duobus
1812 4357 1923 4444 sigillis,
1938 4366 2001 4424 tec·

376 4443 464 4512 niolis
485 4449 675 4535 pergamenis
690 4469 728 4534 up
751 4451 840 4526 ensis,
855 4467 964 4526 uuum,
978 4447 1214 4548 quodsuperesl
1227 4446 1349 4532 motoris
1363 4443 1495 4522 formae,
1511 4445 1531 4510 fi
1552 4463 1625 4510 uroe
1640 4451 1746 4510 oratos
1761 4443 1791 4509 iu
1807 4462 1877 4508 cera
1891 4439 2010 4540 eoloris.

375 4531 460 4630 rubri
466 4551 665 4632 expressum,
687 4469 807 4631 ordinet
820 4539 941 4632 portum
953 4533 1102 4632 gothicam
1116 4555 1146 4598 m
1161 4532 1237 4632 duos
1252 4538 1352 4616 purten
1365 4467 1603 4630 buuryersuliter
1617 4529 1749 4594 divisum
1772 4528 1813 4625 ln·
1822 4533 1907 4612 purte
1922 4525 1998 4625 ¹¹!s0’.

365 4635 449 4698 ,trun
463 4617 578 4687 moon
587 4617 662 4684 solio
674 4618 845 4717 Episcopus
867 4619 1000 4686 uestibus
1019 4617 1254 4704 moncatum,
1275 4623 1312 4715 ut
1323 4616 1413 4701 vulgo
1426 4615 1580 4690 dicuntum,
1604 4623 1781 4712 uroruauur
1805 4633 1836 4705 m
1850 4629 2000 4709 superior!
2115 4649 2119 4656 ·

364 4719 450 4783 ¹uero
465 4709 550 4785 parta
564 4719 705 4788 expresso
721 4710 767 4776 est
780 4723 881 4788 rmugo
895 4699 924 4768 S.
938 4703 1052 4770 Morino
1072 4701 1156 4768 luero
1176 4721 1269 4767 meou
1283 4699 1426 4767 uolentem
1440 4699 1514 4766 Jesu
1528 4705 1665 4764 tenentis.
1702 4695 1747 4762 Es
1763 4702 1828 4761 utre
1851 4715 1890 4761 ue
1907 4691 1996 4777 srgrllr

375 4786 699 4956 mppaffplllrusit
712 4786 1107 4939 mummfflffl
1114 4786 1299 4940 ffiibps
1315 4783 1411 4852 elfictu
1426 4789 1472 4850 est
1486 4783 1594 4870 equile,
1629 4781 1730 4849 Verbo
1744 4779 1808 4846 inu
1862 4779 1904 4844 itu
1921 4779 1997 4886 hooc

406 4957 407 4960 Ἴ
501 4889 533 4936 r:
865 4891 1037 4960 epucopru
1100 4895 1116 4940 r
1259 4918 1266 4934 ·
1648 4935 1652 4944 .

406 5051 410 5058 ¹
476 4989 565 5042 Tomos
584 4989 617 5038 11.
1795 4979 1829 5034 ⁴8
1938 5033 1939 5036 ,
2091 4976 2104 4993 ’
