4896 5926
1122 724 1294 796 -ldd
1360 763 1392 776 -

442 959 511 1046 per
546 923 704 1015 eundem
746 923 913 1025 Ducem,
954 939 1081 1012 certae
1116 923 1408 1042 praerogativae
1440 923 1558 1012 tribus
1592 921 1801 1010 Ecclaesiis
1842 921 2071 1030 Gnesoensi,

442 1043 749 1134 Wladislaviensi
779 1057 816 1130 et
841 1041 1093 1130 Poznaniensi
1120 1041 1315 1128 attributae
1335 1054 1437 1128 sunt:
1470 1043 1506 1128 in
1527 1071 1571 1128 se
1591 1043 1843 1146 continentes;
1874 1053 1912 1126 et
1931 1041 2074 1160 suppli·

326 1163 330 1172 ’
440 1167 541 1252 nevit
560 1161 680 1266 nobis,
704 1163 770 1272 [ut]
791 1159 945 1247 easdem
966 1159 1094 1246 literas
1115 1157 1332 1246 describere
1353 1171 1390 1245 et
1410 1171 1654 1266 transumere,
1675 1187 1723 1246 ac
1742 1159 1860 1245 simile
1881 1159 2073 1364 exemplar

440 1312 511 1399 pro
552 1279 777 1387 necessitate
817 1276 1002 1378 ecclesiae
1038 1305 1131 1364 suae
1172 1274 1503 1366 Wladislaviensis
1543 1275 1613 1378 sibi
1653 1273 1850 1364 extradere
1891 1306 2072 1366 manare

418 1398 695 1519 ,dignaremur
748 1393 919 1509 Quarum
941 1391 1298 1510 quidem'literarum
1320 1409 1428 1481 tenor
1447 1394 1626 1512 sequitur,
1648 1409 1686 1482 et
1705 1409 1764 1482 est
1784 1391 2013 1482 huiusmodi:

461 1587 465 1598 .
542 1521 648 1604 teuc
697 1510 966 1631 Sigismundus
986 1511 1185 1632 Augustus
1205 1510 1265 1598 dei
1287 1513 1412 1629 gratia
1432 1525 1504 1614 etc
1526 1509 1792 1628 significamus
1813 1524 1944 1606 teucro
1964 1541 2073 1630 prae·

441 1636 601 1722 sentium
630 1661 788 1750 quorum
818 1631 991 1734 interest,
1020 1645 1096 1718 tam
1125 1629 1387 1743 praesentibus
1417 1659 1528 1748 quem
1557 1629 1710 1731 futuris,
1729 1629 1868 1716 borum
1896 1631 2072 1720 noticiam

440 1751 620 1840 habituris
641 1749 843 1836 universis:
883 1745 1077 1836 Exhibitas
1097 1778 1184 1834 esse
1206 1775 1336 1834 coram
1357 1746 1484 1844 nobis,
1514 1747 1664 1834 nomine
1691 1743 2013 1836 Reverendissimi
2034 1750 2071 1836 in

439 1869 592 1958 Christo
608 1868 726 1986 patris
742 1865 880 1953 domini
893 1865 1030 1954 decobi
1048 1863 1252 1952 Uchaniski
1273 1863 1550 1982 archiepiscopi
1567 1863 1814 1971 Gneznensis,
1833 1863 1969 1983 Legati
1985 1866 2072 1970 nati,

437 1985 642 2102 Regnique
667 1985 784 2070 nostri
815 1982 1008 2082 Primatis‚
1039 1981 1165 2070 literas
1187 2009 1485 2098 pergamenses,
1516 1981 1587 2068 sub
1609 1981 1713 2069 titulo
1734 1983 1964 2069 serenissimi
1984 1983 2070 2070 olim

436 2102 624 2236 Principis
654 2099 792 2188 domini
821 2097 975 2185 Henrici
1005 2099 1132 2216 Regni
1163 2097 1345 2186 Poloniae
1377 2097 1483 2185 ducis
1515 2099 1785 2200 Pomeraniae,
1815 2099 2072 2215 Sylesiae,„et

439 2219 579 2306 domini
607 2217 842 2336 Glogoviee,
874 2215 1072 2334 sigilloque
1102 2215 1270 2304 eiusdem
1291 2215 1335 2302 ‘in
1365 2217 1487 2302 serico
1518 2245 1690 2334 appenso
1721 2219 1900 2324 munitas,
1931 2219 2071 2324 salvas,
2214 2230 2218 2238 '

439 2339 626 2454 integras,
657 2333 833 2452 nullaque
853 2333 889 2419 in
910 2350 1016 2451 parte
1037 2347 1249 2450 suspectas,
1271 2334 1502 2420 continentes
1523 2335 1559 2420 in
1580 2363 1623 2421 se
1643 2333 1836 2422 libertates
1857 2349 1895 2422 et
1914 2363 2070 2453 praerof

438 2455 589 2576 getiuas
610 2450 815 2571 quasdem,
846 2479 915 2567 per
934 2453 1255 2568 praenominatum
1284 2447 1473 2538 dominum
1499 2449 1705 2538 Henricum
1726 2449 1881 2558 decan,
1910 2451 2069 2570 praede·

438 2599 632 2659 cessorem
652 2583 858 2674 nostrum,
895 2567 1129 2671 Gneznensi‚
1166 2569 1437 2672 Poznaniensi,
1476 2567 1856 2688 Wladislaviensique
1889 2571 2070 2674 ecclesiis,

436 2711 642 2808 earumque
661 2715 731 2804 pro
753 2699 922 2804 tempore
942 2687 1185 2776 existentibus
1205 2684 1514 2806 Arcbiepisccpis
1536 2699 1574 2773 et
1593 2684 1807 2806 Episcopis,
1840 2686 2070 2804 temporibus

465 2806 627 2924 erpetuis
655 2803 767 2890 datas
797 2819 834 2891 et
863 2831 1093 2911 concessas,
1130 2803 1454 2921 supplicatumque
1484 2815 1543 2892 est
1572 2803 1701 2908 nobie,
1736 2805 1884 2892 nomine
1912 2804 2071 2920 predicti

434 2837 758 3014 llorereodissimi
777 2919 915 3008 domini
931 2920 1219 3040 Arcbiepiscopi
1235 2923 1472 3010 Gneznensis
1492 2919 1673 3029 moderni,
1695 2933 1735 3006 ut
1756 2919 1910 3010 easdem
1932 2923 2070 3028 lieres,

436 3055 593 3160 propter
613 3042 742 3126 earum
758 3048 981 3126 vetustatem
1002 3037 1180 3143 innovari,
1203 3035 1404 3160 denuoque
1425 3041 1461 3124 in
1478 3038 1624 3145 eodem,
1645 3067 1721 3158 quo
1738 3053 1826 3128 ante
1841 3057 2072 3146 emanarunt,

437 3171 590 3264 tenore,
620 3158 656 3244 in
677 3184 911 3275 pergameno
938 3155 1009 3244 sub
1036 3155 1160 3276 sigillo
1189 3173 1320 3245 nostro
1342 3153 1488 3244 extradi
1508 3155 1653 3262 iubere,
1683 3185 1825 3274 easque
1845 3159 2069 3246 authoritate

438 3289 567 3366 nostra
597 3273 832 3398 epprobare,
868 3287 904 3361 et
934 3271 1158 3362 confirmare
1188 3271 1442 3394 dignaremur.
1500 3273 1672 3390 Quarum
1701 3273 1849 3393 quidem
1879 3275 2068 3364 literarum

438 3409 547 3483 tenor
565 3391 615 3481 de
635 3389 753 3480 verbo
774 3389 1000 3480 adverbum
1022 3393 1200 3512 sequitur,
1222 3407 1259 3480 et
1280 3407 1339 3480 est
1358 3393 1462 3480 talis:

541 3515 650 3596 leue.
702 3507 745 3594 ln
764 3509 914 3596 nomine
933 3505 1089 3611 domini,
1117 3539 1237 3598 amen.
1288 3507 1372 3598 Nos
1391 3509 1580 3597 Henrieus
1601 3507 1663 3596 dei
1683 3511 1807 3630 gratia
1822 3507 1920 3598 oux
1939 3511 2070 3632 Regni

52 3741 55 3748 y
129 3744 132 3753 1
277 3710 284 3734 ,
439 3627 643 3730 Pnlnniae,
680 3625 950 3730 Pomeraniae,
985 3625 1157 3744 Sylesiae
1188 3643 1226 3716 et
1254 3627 1430 3717 dominus
1464 3627 1689 3748 Glogouiae.
1741 3625 1880 3716 Notum
1913 3629 2069 3719 lecimus

438 3745 624 3834 universis
654 3758 727 3831 tam
760 3743 1020 3860 praesentibus
1047 3775 1159 3863 quam
1180 3747 1329 3849 luteris,
1360 3763 1597 3864 praesentem
1628 3743 1807 3866 paginam
1834 3747 2068 3866 inspecturis:

343 3887 349 3896 ·
436 3861 540 3984 quod
561 3891 632 3950 nos
652 3891 803 3978 semper
823 3861 859 3950 in
879 3861 989 3949 bonis
1010 3863 1155 3950 actibus
1176 3865 1440 3982 progenitores
1462 3879 1615 3952 nostros
1635 3863 1783 3968 imitari,
1813 3879 1925 3982 prout
1944 3867 2068 3984 magis

435 4011 651 4100 possumus,
674 3981 879 4096 cupientes,
901 4007 1087 4092 personas
1108 3996 1253 4096 patrum
1271 3980 1549 4085 venerabilium,
1568 3979 1752 4071 videlicet:
1774 3980 1911 4069 domini
1930 3981 2066 4072 tacent

435 4099 601 4186 Sanctae
625 4095 859 4184 Gneznensis
881 4093 1077 4186 Ecclesiae
1098 4097 1401 4217 Arcbiepiscopi‚
1423 4099 1599 4186 Andreae
1621 4099 1907 4205 Poznaniensis‚
1931 4097 2068 4186 Wislai

437 4215 775 4320 Wladislaviensis‚
796 4231 833 4303 et
854 4213 1050 4304 Ecclesiae
1067 4217 1341 4315 Gneznensem
1363 4217 1674 4320 Poznaniensem,
1699 4215 2065 4320 wladislaviensem,

436 4335 472 4419 in
494 4348 592 4420 terra
615 4333 875 4430 Pomeraniee
895 4364 942 4421 ac
963 4333 1063 4422 bone
1084 4333 1134 4421 ed
1155 4337 1257 4452 ipses
1278 4335 1506 4452 pertinentia,
1529 4336 1664 4421 talibus
1686 4333 1874 4421 bonorare
1893 4335 2068 4423 volumus

437 4450 608 4584 insignijs
629 4449 856 4540 libertatum:
892 4451 994 4570 quod
1026 4481 1157 4542 omnes
1177 4453 1393 4554 libertates,
1430 4481 1525 4570 quas
1553 4453 1623 4562 iam
1654 4449 1776 4540 dictae
1805 4449 2004 4540 Ecclesiae
2032 4453 2067 4542 in

438 4567 549 4655 bonus
569 4567 648 4656 suis
669 4571 845 4671 retinent,
875 4569 1046 4658 volumus
1075 4588 1256 4689 perpetuo
1285 4569 1516 4659 inviolabiles
1545 4597 1784 4689 permonere,
1815 4571 1866 4657 ita
1886 4570 2068 4674 videlicet,

315 4729 321 4754 ·
438 4683 542 4806 quod
573 4687 608 4771 in
638 4687 732 4773 villis
764 4701 799 4774 et
829 4687 938 4773 bonis
968 4685 1222 4776 Ecclesiarum
1253 4687 1435 4776 dictarum
1458 4693 1653 4806 'nunquam
1679 4689 1877 4776 stationem
1905 4687 2067 4821 aliquam
2217 4695 2222 4708 '

438 4805 639 4906 faciemus,
671 4833 931 4922 necunquam
963 4819 1116 4894 nostros
1146 4807 1315 4893 homines
1342 4803 1543 4925 pabulare,
1575 4803 1677 4925 quod
1705 4802 1741 4896 in
1762 4791 2069 4924 vulgari'droitur
