4878 5942
1042 749 1315 824 ..329-

367 978 415 1038 so
436 949 600 1069 proprio,
620 947 796 1038 monetbe
815 977 864 1038 ac
884 949 1026 1037 numeri
1049 948 1288 1039 thorunensis
1309 951 1344 1038 in
1365 949 1463 1038 lesto
1484 949 1603 1038 sancti
1625 949 1775 1040 Martini
1792 953 1988 1041 confesso-

366 1068 439 1172 ris,
470 1097 541 1156 nec
558 1067 646 1158 'non
672 1066 729 1156 od
752 1069 885 1156 lestunr
906 1067 1183 1185 assumpcionis
1201 1068 1313 1157 beato
1334 1067 1453 1156 Mario
1474 1098 1543 1187 per
1563 1067 1662 1156 duos
1682 1068 1823 1188 pullos,
1854 1071 1889 1157 in
1922 1102 1990 1188 pa·
2031 1151 2034 1158 .

366 1181 460 1273 soba
491 1217 559 1304 per
583 1186 734 1308 triginta
764 1215 858 1289 oua,
890 1197 928 1272 et
956 1186 993 1273 in
1021 1185 1093 1284 iam
1121 1184 1222 1274 dicto
1252 1187 1350 1274 lesto
1379 1187 1656 1304 assumpcionis
1676 1187 1805 1307 viginti
1825 1217 1990 1310 grossos

366 1333 437 1421 pro
457 1331 597 1411 vacca,
629 1319 666 1392 et
685 1305 722 1392 in
742 1304 989 1424 camispriuio
1009 1333 1080 1421 per
1099 1303 1229 1423 viginti
1249 1323 1413 1424 grossos
1434 1332 1505 1422 pro
1527 1331 1666 1422 porco,
1698 1305 1865 1424 quolibet
1888 1335 1990 1396 anno
2047 1385 2054 1402 .

365 1419 509 1510 dabunt
529 1453 597 1510 seu
617 1420 767 1510 soluere
788 1423 1020 1512 tenebuntur.
1082 1420 1209 1536 Quem
1239 1451 1393 1509 censum
1426 1421 1549 1509 dictus
1578 1421 1785 1512 soulthetus
1806 1451 1891 1511 cum
1911 1427 1992 1512 suis
2128 1421 2131 1433 ’

366 1541 529 1654 posteris
557 1539 786 1658 integraliter
815 1543 882 1659 per
909 1571 952 1628 se
981 1539 1242 1645 recollectum,
1273 1539 1420 1656 prelato
1451 1539 1602 1627 dornino
1632 1543 1826 1659 preposito
1850 1531 1891 1629 'el
1912 1543 1991 1631 suis

366 1658 674 1762 successoribus,
696 1658 854 1748 fideliter
869 1659 1148 1775 presentabunt
1189 1655 1350 1773 Insuper
1369 1657 1575 1746 scultbetus
1596 1675 1632 1746 et
1653 1659 1777 1746 villani
1792 1660 1879 1747 ville
1895 1661 1990 1748 eius-

366 1773 450 1861 dem
483 1777 552 1863 triu
588 1777 721 1862 iudicia
755 1777 949 1898 generalia
985 1777 1071 1864 inibi
1092 1789 1148 1862 ter
1183 1777 1220 1862 in
1255 1803 1355 1863 anno
1389 1775 1653 1882 celebrabunt,
1672 1793 1720 1865 et
1749 1809 1820 1894 pro
1841 1777 1991 1866 duobus

366 1893 534 2010 prondijs
555 1895 642 1980 dicti
663 1893 785 1980 villani
816 1896 884 2010 ipsi
916 1893 1067 1982 dominc
1095 1894 1287 2010 preposito
1315 1923 1382 2010 per
1408 1908 1497 1981 octo
1519 1907 1650 1980 scotos
1671 1893 1831 1996 dabunt,
1863 1908 1901 1981 et
1921 1911 1990 1982 ter·

366 2013 462 2097 cium
492 2013 614 2100 dictus
647 2013 852 2098 scultbetus
882 2041 966 2098 curn
994 2014 1073 2098 suis
1102 2014 1266 2130 posteris
1296 2011 1446 2098 soluere
1482 2013 1530 2098 sit
1558 2015 1746 2099 astrictus.
1807 2011 1990 2100 Pretereo
2124 2092 2128 2100 .

366 2131 560 2217 rnernorati
589 2129 712 2217 incole
741 2129 935 2247 sepedicto
965 2129 1117 2218 domino
1150 2130 1344 2246 preposito
1375 2129 1537 2216 arabunt
1566 2159 1676 2216 unani
1710 2130 1809 2217 diem
1829 2127 1881 2218 ad
1902 2130 1991 2247 hye-

368 2247 488 2350 malia,
510 2247 677 2337 cleliam
698 2247 747 2334 ad
770 2248 959 2354 estiualia4
980 2250 1164 2336 acaciam
1183 2247 1557 2366 graminalaloabunt
1575 2277 1648 2335 uno
1670 2246 1731 2336 die
1747 2261 1898 2352 tantum,
1919 2277 1992 2336 nec

365 2393 441 2452 non
469 2365 650 2453 numeru
680 2396 750 2453 sua
779 2363 829 2452 ad
856 2365 1031 2453 borreum
1061 2363 1196 2452 ibidem
1218 2362 1433 2451 conducent
1453 2365 1616 2482 proprijs
1637 2367 1845 2482 sumptibus
1867 2381 1904 2453 ct
1924 2397 1991 2454 ex·

393 2483 515 2588 ensis;
546 2483 617 2570 scd
637 2483 840 2570 reurabunt
859 2511 979 2602 agros
998 2481 1072 2570 iam
1093 2480 1180 2568 dicti
1201 2479 1339 2568 donini
1360 2483 1540 2599 prepositi
1559 2482 1595 2568 iu
1615 2483 1793 2598 expensis
1813 2483 1992 2573 eiusdem.

364 2513 524 2718 lbsuper
544 2602 625 2716 ipse
645 2599 852 2686 scultbetus
873 2616 910 2686 et
930 2601 987 2689 sui
1008 2599 1161 2715 posteri,
1183 2629 1346 2686 necnon
1368 2598 1500 2702 villani,
1522 2599 1770 2714 personaliter
1790 2601 1875 2687 inibi
1897 2602 1990 2688 resi-

366 2716 523 2823 debunt,
556 2733 594 2805 et
622 2716 708 2807 nulli
737 2718 773 2804 in
799 2733 906 2836 parto
935 2717 995 2806 uel
1024 2718 1062 2805 in
1091 2731 1170 2804 toto
1191 2716 1433 2804 scultheciarn
1455 2716 1535 2806 siue
1555 2743 1674 2851 agros
1694 2717 1804 2804 alicui
1826 2715 1992 2804 vendere

366 2865 434 2924 seu
457 2834 627 2955 obligare
648 2835 832 2944 audeant,
864 2835 933 2924 nisi
954 2865 1143 2925 consensu
1165 2833 1252 2924 dicti
1284 2832 1422 2922 domini
1443 2833 1622 2952 prepositi
1643 2831 1868 2922 accedente:
1898 2832 1992 2922 alias

366 2983 480 3044 secus
510 2955 653 3042 faciens
683 2953 854 3072 ooipso,
885 2955 917 3042 si
938 2951 1144 3040 soulthetus
1165 2953 1272 3043 luerit
1292 2951 1517 3056 soultbecia3
1549 2967 1584 3040 et
1612 2951 1770 3043 villanus
1791 2981 1924 3039 manso
1947 2951 1993 3041 sit

366 3073 546 3192 priuatus.
606 3071 657 3159 Et
693 3071 795 3192 quod
825 3075 914 3191 jura
950 3070 1268 3190 rnaydburgensia
1307 3069 1408 3158 dictu
1437 3067 1589 3157 domino
1620 3069 1812 3188 preposito
1833 3099 1992 3187 prorsus

366 3205 453 3277 sunt
474 3189 622 3310 ignoto,
654 3193 777 3278 urnnia
792 3192 878 3307 jura
901 3189 1102 3277 dominium
1125 3190 1242 3306 ipsius
1263 3189 1556 3290 concernenoia‚
1588 3185 1761 3276 videlicet
1782 3189 1817 3275 in
1840 3187 1991 3274 honori·

367 3309 438 3395 bus
465 3323 501 3396 et
527 3307 794 3426 peticionibus
826 3309 932 3395 salua
963 3323 999 3395 el
1030 3309 1178 3426 integra
1201 3338 1275 3426 pro
1296 3307 1380 3426 ipso
1403 3319 1438 3393 et
1459 3307 1538 3393 suis
1559 3305 1847 3394 successoribus
1869 3335 1990 3392 reser-

244 3439 247 3447 “
368 3456 511 3512 uanus.
569 3425 613 3512 ln
634 3427 740 3514 ouius
762 3428 814 3512 rei
837 3426 1102 3532 testimonium,
1134 3439 1300 3512 nostrum
1323 3439 1359 3512 et
1380 3423 1528 3542 capituli
1543 3421 1858 3512 Wladislauiensis
1875 3423 1993 3512 nostri

366 3542 524 3664 predicti
546 3543 694 3664 sigilla,'
719 3545 955 3663 presentibus
977 3555 1065 3632 suot
1084 3573 1265 3661 appensa.
1297 3543 1433 3630 Actum
1455 3554 1493 3627 et
1513 3539 1640 3629 datum
1660 3543 1697 3628 in
1718 3549 1873 3656 onto'quc
1895 3547 1993 3630 Wla-

368 3667 546 3770 destante,
578 3663 614 3749 in
644 3675 781 3751 octaua
810 3661 1008 3750 natiuitatis
1036 3663 1146 3768 beate
1176 3659 1298 3748 Marie
1327 3659 1484 3780 virginis
1514 3659 1699 3780 gloriose,
1731 3691 1831 3748 anno
1853 3659 1992 3748 domini

365 3779 559 3868 millesimo
582 3779 724 3868 CCCl⁰
733 3779 969 3890 LXX'llle
991 3779 1235 3867 Presentibus
1253 3779 1532 3866 honorabilibus
1550 3794 1586 3866 et
1602 3779 1773 3896 discretis
1790 3779 1888 3876 viris,
1923 3778 1993 3862 do·

351 3899 484 3987 niuis:
506 3897 666 3988 Nicolao
687 3899 911 4004 scolastico,
941 3898 1116 3988 lohanne
1136 3895 1423 3995 archidiacono,
1454 3895 1617 3986 Martino
1639 3897 1817 4000 custode,
1847 3893 1994 3982 Bartha

368 4032 541 4123 cantore,
573 4017 746 4134 Nycolao
767 4021 965 4123 canonico,
988 4015 1387 4116 Wladislauiensibus,
1419 4029 1503 4102 cunr
1526 4017 1661 4147 ceteris
1682 4012 1758 4102 lide
1778 4013 1915 4132 dignis.
