4926 5940
1075 721 1353 796 -tct-

399 923 481 1011 sine
502 920 822 1026 contradiccione,
843 917 1064 1010 difficultate
1080 936 1117 1010 ct
1137 922 1401 1040 impedimento
1423 922 1637 1026 restituant,
1659 922 1890 1041 reintegrcnt
1910 941 1945 1013 et
1967 958 2026 1015 re-

399 1039 575 1128 inducent
605 1040 707 1152 (sic),
729 1053 955 1154 'quem'rnos
986 1041 1116 1146 etiam,
1155 1055 1195 1128 ut
1224 1043 1453 1159 premittitur,
1475 1042 1720 1147 restituimus,
1752 1043 2028 1162 reintegramos

399 1172 438 1247 et
457 1158 725 1248 reinducimus:
756 1159 953 1276 ipsumque
973 1161 1203 1264 restitutum,
1233 1159 1498 1294 reintegratum
1529 1175 1565 1248 et
1584 1158 1830 1265 reinduatum,
1851 1161 1950 1250 iuxta
1972 1165 2026 1248 iu·
2123 1221 2126 1226 ·

399 1279 452 1365 ris
480 1279 727 1397 exigenciam,
749 1275 962 1364 defendatis
982 1305 1051 1364 seu
1072 1276 1268 1382 defendat,
1299 1278 1444 1395 sibique
1465 1277 1616 1387 domino
1636 1277 1843 1394 Episcopo,
1866 1279 1925 1364 uel
1947 1283 2027 1368 eius

399 1398 634 1510 procuratori
656 1391 825 1513 predicto
846 1424 917 1511 pro
938 1423 997 1500 eo,
1019 1394 1067 1482 de
1088 1395 1255 1514 ipsorum
1277 1395 1360 1484 ville
1384 1401 1477 1482 Orle
1496 1411 1534 1484 et
1554 1396 1814 1514 pertinencijs,
1836 1397 2027 1501 lructibus,

365 1577 371 1592 .
398 1511 625 1620 redditibus,
656 1513 921 1630 mouentibus,
935 1513 1083 1630 juribus
1104 1529 1139 1601 et
1161 1514 1458 1602 obuencionibus
1478 1516 1683 1622 vniuersis,
1705 1543 1775 1634 per
1795 1512 1940 1602 dictum
1956 1515 2026 1602 do-

273 1717 279 1728 ,
398 1631 534 1718 mirrum
555 1632 710 1719 Petrum
732 1628 893 1734 Mathia,
924 1661 946 1717 a
967 1645 1137 1748 tempore
1157 1631 1399 1750 spoliacionis
1413 1632 1602 1722 'dictarum
1624 1634 1710 1722 ville
1735 1638 1827 1720 Orle
1853 1648 1891 1721 et
1910 1636 2025 1750 perti-

398 1750 632 1856 nenciarum‚
663 1763 703 1834 ut
732 1749 968 1866 premittitur,
1000 1751 1092 1838 citra
1121 1751 1330 1868 perceptis,
1361 1780 1409 1837 ac
1437 1751 1668 1841 florenorum
1698 1752 1852 1839 summis
1876 1753 2025 1869 plenam

398 1867 702 1954 satisfaccionem
721 1864 882 1984 impendj
910 1868 1049 1956 iaciant
1075 1882 1112 1956 et
1132 1882 1355 1986 procurent,
1389 1871 1623 1988 quantumin
1644 1872 1699 1960 cis
1719 1867 1846 1976 luerit,
1879 1870 2027 1958 realiter

264 2021 269 2034 ,
424 1997 435 2067 q
699 2051 708 2070 ·

399 2015 421 2069 e
457 2013 543 2187 cubi
562 1985 813 2192 edbibmdictus
842 2104 981 2200 Petrus
1006 2101 1150 2192 Matbie
1179 2119 1409 2224 occupator,
1440 2109 1629 2226 ceterique
1660 2107 1963 2196 contradictores
1990 2109 2025 2196 in
2174 2193 2177 2198 .

399 2217 472 2305 bac
492 2234 609 2335 parte,
630 2235 667 2308 et
686 2221 876 2334 reblelles)
897 2220 1107 2310 huiusmodi
1127 2225 1266 2313 nostris
1287 2227 1532 2343 processibus
1555 2241 1591 2315 et
1612 2225 1818 2335 mandatis,
1848 2255 1937 2341 ymo
1958 2255 2024 2311 ue·

397 2339 475 2422 rius
495 2338 726 2454 apostolicis,
740 2340 832 2426 inlra
853 2339 975 2425 dictos
996 2342 1052 2426 eis
1072 2341 1291 2458 assignatos
1312 2344 1490 2432 terminos
1511 2375 1587 2432 non
1608 2347 1801 2461 paruerint
1821 2374 1890 2429 seu
1911 2373 2025 2458 paru-

398 2455 466 2542 erit
504 2454 656 2541 realiter
687 2468 726 2540 et
755 2484 839 2542 oum
861 2456 1018 2559 ellectu,
1049 2453 1171 2543 dictas
1192 2460 1596 2544 excommunicacionis
1628 2462 1842 2546 sentencias
1872 2475 2028 2576 propter

397 2569 472 2658 boc
492 2570 780 2688 dampnabiliter
819 2569 1066 2676 incurrend03
1098 2587 1234 2658 extunc
1254 2575 1422 2691 prelatos
1443 2603 1576 2661 omnes
1597 2589 1633 2660 et
1654 2573 1826 2692 singulos
1847 2575 2025 2661 subdele-

342 2780 343 2786 Ν
397 2701 512 2807 gatos
532 2705 705 2792 nostros,
736 2706 774 2778 ct
793 2705 958 2806 vestrum
981 2687 1196 2808 quemlibet,
1227 2691 1449 2806 requirimus
1470 2703 1508 2775 et
1528 2719 1742 2794 monemuS,
1773 2704 1816 2777 et·
1835 2691 1906 2776 sub
1928 2692 2026 2777 dicta

398 2809 802 2894 excommunicacionis
823 2835 921 2925 pena
943 2804 1185 2908 mandamus,
1217 2823 1403 2926 quatenus
1434 2808 1592 2927 singulis
1613 2805 1745 2896 diebus
1767 2807 1962 2895 dominicis
1991 2825 2027 2895 et
2146 2897 2148 2900 ,

396 2925 540 3012 lestinis
560 2926 596 3011 in
617 2927 697 3013 suis
717 2925 909 3041 ecclesijs,
941 2923 1178 3040 monasterijs
1205 2941 1242 3012 et
1269 2924 1442 3042 capellis,
1474 2927 1569 3012 inlra
1590 2927 1786 3012 missarum
1813 2941 1850 3013 et
1869 2925 2024 3012 aliarum

395 3041 574 3128 horarum
596 3043 936 3131 ecclesiasticarum
954 3042 1176 3161 solempnia,
1190 3041 1262 3145 ubi,
1277 3041 1431 3162 quando
1452 3055 1490 3129 et
1509 3044 1692 3160 quociens
1713 3073 1810 3160 opus
1832 3043 1956 3148 luerit,
1989 3059 2026 3130 et

397 3189 468 3276 pro
489 3173 597 3275 parte
619 3159 705 3248 dicti
726 3159 865 3249 domini
885 3159 1067 3279 Episcopi
1088 3160 1304 3277 principalis
1325 3161 1493 3280 requisiti
1512 3161 1666 3252 luerint,
1689 3191 1757 3248 seu
1778 3161 1873 3247 alter
1894 3188 2024 3245 eorum

396 3279 506 3365 luerit
526 3279 748 3397 requisitus,
779 3279 962 3397 prelatum
983 3277 1137 3368 Petrum
1158 3275 1301 3366 Mathis
1326 3279 1618 3396 occupatorem,
1650 3306 1697 3364 ac
1726 3275 2025 3365 contradictores

397 3411 434 3484 ct
453 3395 612 3484 rebelles
659 3396 826 3485 redictos
847 3399 903 3486 sic
924 3397 1285 3502 excommunicatos
1305 3394 1453 3512 publice
1473 3399 1648 3483 nuncient
1664 3407 1700 3481 et
1720 3395 1770 3483 ab
1785 3396 1888 3510 alijs,
1906 3419 2051 3507 quan.

398 3527 474 3600 tum
495 3515 530 3600 in
552 3514 607 3600 eis
627 3428 751 3604 berit,
783 3516 920 3602 laciant
938 3515 1085 3631 publice
1105 3513 1291 3632 nunciarj:
1323 3513 1372 3602 ab
1394 3512 1603 3623 huiusmodi
1623 3512 1918 3601 denunciacione
1949 3543 2024 3600 non

398 3631 607 3736 cessando,
638 3629 762 3720 donec
781 3632 1001 3748 rebelleset
1020 3631 1322 3721 contradictores
1342 3630 1501 3748 predicti
1521 3630 1732 3720 huiusmodi
1753 3631 1892 3719 nostris
1910 3631 2024 3718 literis

398 3746 564 3864 plenarie
585 3751 795 3867 paruerint,
827 3749 887 3835 uel
908 3749 1008 3837 aliud
1029 3748 1195 3866 desuper
1215 3749 1368 3838 anobis
1390 3749 1591 3837 habueritis
1612 3751 1648 3836 in
1663 3748 1862 3838 mandatis.
1885 3746 1934 3835 Et
1954 3777 2024 3866 ge-

397 3865 572 3953 neraliter
601 3867 725 3956 omnia
745 3868 818 3956 alia
839 3883 877 3956 et
903 3866 1069 3988 singula,
1097 3869 1207 3957 nobis
1229 3869 1265 3954 in
1282 3865 1358 3955 bac
1380 3881 1486 3986 parte
1508 3869 1728 3970 commissa,
1749 3867 1915 3984 plenarie
1937 3895 2025 3951 exo·

396 3999 558 4100 quantur
595 3987 695 4074 iuxta
725 3986 897 4075 traditam
927 4017 998 4074 seu
1030 3985 1209 4074 directam
1239 4017 1262 4074 a
1294 3985 1388 4072 sede
1417 3987 1628 4101 apostolica
1649 3985 1759 4071 nobis
1780 3984 1958 4079 sormam,
1990 3997 2026 4068 et

399 4099 608 4187 secundum
631 4106 818 4219 presentis
834 4106 956 4192 nostri
981 4133 1189 4219 processus
1217 4103 1487 4188 continenciam
1516 4115 1553 4187 et
1572 4114 1760 4188 tenorem:
1821 4101 1869 4187 ita
1891 4115 2025 4204 tamen,
2101 4135 2104 4150 ’

397 4215 499 4335 quod
521 4215 631 4332 ijdem
654 4215 894 4337 subdelegati
916 4220 1035 4306 nostri
1055 4221 1090 4305 in
1113 4217 1355 4335 preludicium
1377 4215 1464 4304 dicti
1485 4217 1622 4305 domini
1642 4217 1826 4336 Episcopi
1855 4217 1902 4303 nil
1924 4217 2026 4302 vale-

396 4347 461 4422 ant
481 4349 722 4452 attemptare,
754 4336 881 4422 necin
903 4336 1147 4453 processibus
1169 4365 1236 4451 per
1258 4362 1329 4423 nos
1350 4333 1486 4423 habitis
1507 4349 1544 4422 et
1564 4335 1766 4451 sentencijs
1788 4365 1857 4452 per
1877 4365 1948 4420 nos
1970 4335 2022 4418 la-

398 4455 461 4558 tis,
483 4451 718 4542 absoluendo
749 4452 808 4540 uel
829 4450 1107 4571 suspendendo,
1129 4451 1268 4571 aliquid
1289 4455 1494 4542 immutare.
1536 4451 1586 4540 Et
1606 4455 1637 4540 si
1658 4453 1851 4570 contingat
1871 4481 1942 4539 nos
1964 4481 2024 4538 su-

283 4577 285 4582 ’
394 4595 468 4688 'per
494 4573 688 4689 premissis
717 4572 753 4657 in
783 4571 909 4688 aliquo
935 4570 1168 4688 procedere,
1200 4570 1248 4659 de
1278 4601 1354 4691 quo
1389 4572 1498 4659 nobis
1521 4583 1741 4690 potestatem
1772 4569 2025 4658 omnimodam

353 4755 357 4766 .
400 4719 661 4797 reseruemus,
682 4719 758 4778 uon
778 4689 1001 4778 intendimus
1021 4703 1223 4808 propterea
1245 4691 1547 4788 commissionem
1568 4683 1967 4780 nostram'buiusmodi
1990 4690 2025 4772 in

397 4805 523 4924 aliquo
545 4839 747 4914 reuocare,
780 4810 848 4908 nisi
869 4807 918 4896 de
937 4809 1190 4898 reuocacione
1213 4807 1423 4900 huiusmodi
1445 4808 1647 4927 specialem
1679 4819 1716 4892 et
1743 4835 1965 4925 expressam
1988 4807 2024 4891 in

1810 4955 1856 5009 Μ.
