4926 5940
1122 689 1295 762 ..⁸420
1352 729 1395 742 ...

429 905 468 978 et
488 919 657 978 mensam
679 888 859 1006 prelatas,
889 888 977 978 villa
1009 893 1100 976 Orle
1131 899 1168 976 ct
1194 889 1434 1007 pertinencys
1463 889 1650 980 uniuersis
1681 906 1717 978 et
1745 919 1884 980 aarum
1912 923 2066 1012 posses-

430 1010 537 1100 sione
553 1019 686 1094 cootra
705 1005 886 1094 iusticiam
908 1007 1099 1124 spoliauit,
1130 1038 1248 1124 seque
1284 1009 1320 1096 io
1342 1007 1413 1096 illis
1443 1008 1532 1119 (sio).
1548 1007 1711 1114 intrusit,
1742 1010 1927 1128 ipsasque
1945 1043 2062 1102 occu·

429 1130 531 1246 pauit
551 1141 588 1214 et
607 1123 775 1224 detinuit,
807 1137 920 1243 prout
939 1124 1078 1213 detinet
1119 1123 1281 1212 indebite
1312 1141 1537 1242 occupatas,
1567 1127 1713 1215 lructus
1744 1129 1989 1246 percipiendo
2018 1162 2066 1220 ex

428 1245 583 1337 eisdem.
644 1241 819 1358 Ortaque
845 1257 1047 1362 propterea
1076 1244 1172 1331 inter
1200 1241 1432 1366 Episcopum
1463 1259 1500 1332 et
1528 1243 1683 1332 Petrum
1717 1246 1913 1364 predictos
1947 1279 2063 1367 super

429 1363 620 1484 premissis
640 1377 828 1449 eteorum
849 1363 1054 1456 occasione
1075 1363 1229 1450 materia
1260 1364 1485 1480 questionis:
1546 1359 1636 1450 Nos
1652 1389 1808 1458 causam
1838 1366 2064 1474 huiusmodi,

425 1482 721 1584 nonobstante,
752 1479 853 1600 quod
876 1479 1001 1598 desuj
1026 1494 1160 1566 natura
1194 1477 1245 1566 ad
1280 1511 1476 1568 romanam
1512 1482 1658 1568 curiam
1679 1482 1860 1600 legittime
1905 1483 2063 1572 deuolu-

429 1619 485 1702 ta,
516 1616 561 1688 et
580 1596 682 1716 apud
712 1628 797 1684 eam
818 1598 1014 1684 tractanda
1044 1615 1082 1686 et
1111 1597 1276 1686 finienda
1298 1629 1373 1686 non
1394 1613 1516 1704 esset,
1549 1599 1742 1715 quondam
1774 1601 1963 1718 ‚Capode
1986 1609 2063 1690 Lo·

430 1740 543 1821 turre,
563 1719 614 1806 ad
635 1717 857 1804 instanciam
878 1715 964 1802 dicti
984 1716 1165 1832 Episcopi
1188 1717 1325 1832 primo,
1348 1733 1385 1804 et
1406 1713 1544 1804 deinde
1565 1747 1613 1803 eu
1633 1719 1747 1806 certis
1768 1721 1892 1806 causis
1919 1719 2060 1808 dilecto

427 1839 502 1927 lilio
523 1833 712 1956 Magistro
732 1834 894 1952 lohannj
917 1834 966 1921 de
986 1841 1100 1934 Melo,
1117 1835 1333 1952 Capelleois
1355 1835 1494 1922 nostris
1516 1849 1557 1922 et.
1573 1862 1776 1924 causarum
1798 1837 1943 1955 pellecij
1964 1867 2065 1954 apo.

347 1967 355 1980 '
427 1956 568 2061 stolia,
600 1951 827 2058 audiendam
863 1956 1118 2042 commisimus
1149 1969 1186 2041 et
1213 1953 1289 2040 line
1309 1951 1436 2039 debito
1479 1951 1762 2078 terminandam.
1809 1954 1886 2072 Quj
1908 1953 2058 2069 quidem

298 2134 312 2165 0
426 2074 623 2162 lohannes
644 2069 811 2174 auditor,
843 2076 1004 2188 cognitis
1026 2069 1236 2158 huiusmodi
1258 2079 1382 2158 cause
1397 2071 1555 2171 meritis,
1587 2069 1636 2156 de
1657 2072 1813 2159 ccnsdio
1842 2089 1881 2160 et
1899 2104 2063 2178 assensu

429 2189 686 2280 coauditorum
727 2218 885 2290 suorum,
918 2218 1117 2275 causarum
1154 2187 1242 2273 dicti
1278 2188 1444 2304 pallacij‚
1476 2187 1610 2299 quibus
1645 2217 1759 2306 super
1792 2188 1864 2306 hijs
1900 2191 2063 2280 relacio·

429 2339 514 2398 ncm
534 2307 620 2394 lecit
639 2303 808 2410 fidelem,
838 2334 909 2420 per
927 2336 1035 2392 suam
1057 2305 1287 2392 diffinitiuam
1308 2308 1537 2392 sentenciam
1560 2308 1842 2420 pronuncciauit
1866 2309 1962 2420 (sio),
1996 2309 2061 2396 de-

428 2427 547 2516 mouit
577 2436 614 2510 et
640 2421 861 2524 declarauit:
893 2441 1001 2536 prout
1032 2423 1105 2509 hec
1135 2425 1259 2510 omnia
1285 2423 1326 2508 -in
1368 2422 1533 2540 quodam
1564 2423 1686 2510 libello
1715 2455 1784 2542 pro
1826 2439 1951 2543 parte.
1976 2426 2061 2516 dicti

428 2543 612 2662 Episcopi
632 2541 668 2626 in
690 2539 900 2628 huiusmodi
922 2571 1041 2628 causa
1062 2540 1224 2652 exhibito
1246 2544 1359 2656 petita
1380 2543 1545 2628 lucrant:
1581 2543 1854 2658 spoliacioueS,
1887 2546 2059 2632 intrusio·

428 2691 515 2766 nes,
546 2660 825 2774 occupaeiones
845 2669 884 2742 et
904 2658 1147 2748 detensiones
1167 2660 1357 2776 predictas
1379 2661 1494 2746 luisse
1515 2678 1553 2750 et
1572 2691 1659 2750 esse
1682 2665 1922 2766 temerarias,
1953 2663 2055 2749 illici·

429 2795 506 2886 taS‚
537 2778 693 2864 iniustas
723 2774 835 2864 etde
864 2775 965 2866 laeto
1006 2793 1265 2896 presumptas3
1298 2779 1445 2896 ipsique
1467 2778 1582 2867 Petro
1601 2808 1719 2896 super
1748 2779 1817 2869 illis
1839 2793 2058 2897 perpetuum

428 2897 621 2985 silencium
651 2893 732 2980 lore
760 2894 1024 3010 imponendum
1045 2909 1082 2982 et
1102 2897 1295 3013 imposuit,
1327 2897 1525 3014 ipsumque
1546 2899 1699 2985 Petrtrm
1728 2899 1778 2985 ab
1799 2899 2057 3016 occupacione

429 3028 467 3103 et
488 3012 708 3099 detenciooe
738 3010 822 3098 ville
845 3018 936 3100 Orto
964 3030 1001 3103 et
1030 3015 1341 3131 pertinenciarum
1371 3013 1620 3130 predictarum
1642 3017 1893 3104 amouondum
1923 3018 2004 3105 lore
2019 3032 2060 3106 et

430 3131 585 3236 amouit3
622 3127 836 3246 dictumque
873 3131 1107 3250 Episcopum
1136 3131 1185 3218 ad
1216 3133 1453 3250 corporalem
1486 3136 1770 3250 possessionem
1805 3135 1890 3223 ville
1913 3140 2003 3223 Orto
2022 3149 2060 3223 et

360 3297 364 3302 ·
429 3249 742 3370 pertinenciarum
770 3248 981 3338 huiusmodi
1011 3250 1281 3340 restituendum
1311 3267 1348 3338 et
1374 3251 1681 3372 reintegrandum
1713 3255 1815 3358 lore,
1847 3265 1883 3344 et
1903 3255 2060 3342 restituit

429 3397 477 3455 cc
496 3368 760 3485 reintegrauit,
790 3369 988 3488 ipsumque
1016 3371 1167 3457 Petrum
1199 3372 1235 3456 in
1268 3370 1447 3456 fructibus
1473 3402 1520 3457 ex
1541 3371 1627 3488 villa
1650 3377 1741 3458 Orle
1762 3388 1797 3459 et
1819 3372 2057 3490 pertinenciis

429 3486 521 3604 ipsis
542 3485 636 3596 (sic),
657 3514 681 3570 a
703 3499 871 3602 tempore
892 3489 1132 3604 spoliacicnis
1155 3487 1366 3574 huiusmodi
1388 3490 1481 3575 citra
1504 3491 1712 3606 perceptis,
1750 3504 1787 3576 et
1813 3493 1848 3578 in
1868 3492 2056 3608 expensis,
2167 3533 2173 3540 ·

429 3631 561 3692 coram
581 3633 628 3689 eo
648 3605 684 3689 in
705 3601 916 3693 huiusmodi
937 3636 1056 3694 causa
1076 3606 1253 3725 legittime
1272 3609 1393 3710 lactis,
1416 3607 1772 3725 condempnandum
1806 3609 1889 3696 lore
1910 3625 1947 3696 et
1967 3637 2059 3696 cou-

412 3719 665 3837 'dempnauitt
706 3722 911 3809 eorundem
946 3753 1197 3842 expensarum
1231 3727 1429 3812 taxacione
1466 3726 1537 3814 sibi
1573 3729 1813 3842 imposterum
1850 3740 2057 3815 reseruata.

428 3837 466 3927 A
487 3867 562 3956 qua
582 3834 732 3950 quidem
753 3841 946 3926 sentencia
965 3844 1030 3928 luit
1051 3871 1119 3958 pro
1142 3857 1248 3960 parte
1272 3841 1360 3928 dicti
1383 3841 1485 3932 Petri
1507 3843 1555 3931 ad
1572 3844 1704 3931 sedem
1720 3844 1967 3960 apostolicam
1985 3873 2056 3960 ap·

427 3957 614 4076 pellatum
654 3953 738 4044 Nos
759 3985 914 4044 causam
935 3958 1206 4078 appellacicnis
1226 3960 1436 4050 huiusmodi
1459 3960 1594 4050 dilecto
1615 3961 1690 4050 filio
1700 3959 1892 4078 Magistro
1913 3960 2056 4050 lolian-

428 4077 465 4162 ui
489 4072 744 4191 Gundissaluj‚
766 4077 966 4194 capellano
987 4095 1118 4166 nostro
1140 4094 1178 4166 et
1197 4107 1397 4166 causarum
1420 4079 1506 4168 dicti
1528 4080 1674 4198 pellaoij
1697 4081 1875 4186 auditori,
1901 4080 2056 4168 audien-

428 4191 517 4280 dam
537 4193 790 4282 commisimus
812 4208 848 4282 ot
868 4195 943 4283 fine
964 4195 1097 4284 debito
1112 4195 1394 4286 terminandam.
1419 4198 1495 4316 Quj
1518 4202 1649 4303 eciem,
1671 4202 1832 4319 cognitis
1846 4198 2057 4288 huiusmodi
2155 4221 2159 4232 '

428 4339 547 4398 cause
574 4313 733 4418 meritis,
769 4311 819 4420 de
847 4316 1006 4402 oonsilio
1035 4331 1073 4402 et
1091 4345 1253 4404 assensu
1275 4317 1535 4404 coauditcrum
1558 4345 1712 4406 suorum
1740 4349 1949 4426 causarum·
1969 4315 2056 4404 dicti

428 4429 597 4547 panarij,
633 4432 768 4542 quibus
797 4461 912 4549 super
939 4433 1010 4548 hijs
1032 4433 1257 4521 relacionem
1279 4436 1366 4522 lecit
1386 4435 1553 4538 fidelem,
1590 4465 1658 4552 per
1687 4465 1794 4524 suam
1827 4435 2055 4524 dillioitiuam

428 4550 660 4634 sentenciam
680 4552 958 4666 pronunciauit‚
981 4549 1150 4638 decreuit
1170 4569 1207 4639 et
1227 4551 1541 4670 declarouit„per
1561 4553 1743 4670 prelatum
1764 4553 2055 4666 telenense

426 4665 540 4768 Mela,
561 4663 769 4754 auditorem
790 4670 825 4754 in
847 4699 965 4780 causa
985 4669 1196 4776 huiusmodi
1216 4669 1313 4758 bene
1333 4672 1449 4759 luisse
1471 4686 1509 4757 et
1529 4704 1617 4760 esse
1638 4695 1890 4789 processum,
1905 4690 2053 4760 senten·

428 4781 566 4869 ciatum
588 4779 1076 4909 et--dillrnitum‚·ipsiusque
1096 4791 1325 4878 sentenciam
1347 4789 1575 4878 antedictam
1598 4789 1899 4881 confirmandam
1917 4792 2000 4878 lore
2021 4803 2058 4876 et
