4926 5940
1135 741 1309 818 -teo
1366 779 1410 794 -

462 967 542 1058 tes,
572 947 787 1038 sentencias
808 943 1213 1034 excommunicacionis
1233 956 1367 1032 contra
1388 941 1601 1030 nominatos
1621 968 1895 1059 oppressores,
1916 941 2085 1033 iniuriau-
2128 1047 2135 1062 ἱ

464 1086 542 1162 tes,
572 1069 772 1154 invasores
801 1080 839 1152 et
859 1079 1058 1154 exactores
1087 1093 1135 1152 ac
1156 1061 1398 1181 predatores,
1430 1060 1523 1147 dare
1550 1072 1589 1146 et
1608 1059 1818 1148 decernere
1846 1059 2092 1180 dignaremur

464 1200 709 1305 opportunas.
760 1179 844 1270 Nos
875 1209 966 1271 vero
996 1183 1167 1270 uolentes
1197 1182 1363 1298 prelatas
1384 1180 1510 1266 literas
1545 1179 1792 1296 apostolicas,
1829 1180 1938 1268 nobis
1960 1183 1998 1267 in
2018 1179 2092 1270 bac

398 1407 404 1418 ¹
460 1319 567 1425 parta
602 1301 767 1390 directas
795 1331 843 1388 ac
864 1317 1112 1418 presentatus,
1141 1301 1211 1387 rite
1240 1312 1277 1384 et
1298 1300 1392 1384 iuste
1413 1298 1566 1415 exequi,
1595 1299 1798 1416 unicuique
1828 1327 1981 1416 quoque
2011 1329 2089 1389 nou

460 1421 712 1541 preiudicare,
745 1436 783 1508 ut
802 1433 990 1526 tenemur,
1012 1417 1176 1506 decretis
1197 1432 1234 1505 et
1254 1418 1400 1504 emissis
1421 1445 1489 1531 ρετ
1509 1445 1580 1502 nos
1601 1415 1715 1502 literis
1750 1417 1891 1503 nostris
1912 1417 2004 1504 certi
2035 1434 2091 1506 tc-

461 1541 566 1628 noris
601 1539 782 1656 citatorijs
816 1568 900 1624 cum
931 1538 1145 1625 insercione
1165 1534 1415 1654 predictarum
1446 1534 1631 1621 literarum
1664 1535 1955 1650 apostolicarum
1974 1537 2091 1624 'nobis

463 1659 680 1762 missarum,
712 1655 761 1754 de
780 1657 1001 1744 auctoritate
1021 1670 1058 1743 et
1079 1654 1202 1744 ollicio
1223 1654 1381 1759 nostris,
1413 1650 1525 1738 tidem
1547 1653 1697 1739 realiter
1724 1652 1915 1740 iaciendo:
1951 1655 2087 1772 quibus

462 1778 672 1866 nominatos
693 1775 839 1862 nobiles
860 1775 992 1894 laijcos
1014 1789 1062 1861 'et
1081 1773 1264 1891 plebeyos
1290 1770 1339 1858 ad
1361 1783 1505 1857 certum
1526 1783 1563 1856 et
1583 1787 1856 1889 competentem
1877 1770 1974 1858 diem
1995 1773 2087 1891 ipsis

462 1896 696 2014 assignatum
718 1923 787 2012 pro
807 1895 965 1981 termino
994 1893 1248 2010 peremptorio
1279 1891 1435 1976 lecimus
1466 1889 1637 1995 euocari,
1659 1905 1699 1977 ut
1718 1891 1755 1977 in
1776 1887 1912 1978 eodem
1933 1917 2088 2009 compe·

463 2026 608 2119 rentes,
639 2041 709 2098 seu
729 2041 858 2100 eorum
881 2011 1032 2122 quilibet
1052 2039 1297 2127 comparem,
1330 2035 1484 2094 eausam
1506 2020 1544 2092 et
1564 2035 1722 2114 causas,
1748 2009 1779 2094 si
1801 2033 1913 2118 quam
1936 2023 1974 2094 et
1994 2037 2090 2127 quas

464 2130 647 2217 baberent
674 2145 711 2214 et
738 2130 913 2233 haberet,
943 2140 1100 2244 propter
1127 2155 1238 2244 quam
1269 2139 1307 2211 et
1336 2151 1432 2244 quas
1457 2125 1601 2213 moneri
1633 2141 1669 2213 et
1696 2127 2013 2213 excommunicari
2040 2124 2090 2214 ob

463 2246 650 2364 premissa
672 2277 748 2333 non
769 2245 968 2348 deberent,
999 2243 1059 2332 vel
1082 2273 1155 2331 non
1177 2245 1340 2362 possint,
1371 2255 1436 2330 aut
1455 2244 1487 2329 si
1508 2242 1597 2360 quid
1618 2243 1715 2330 aliud
1738 2241 1866 2329 dicere
1886 2242 1946 2328 uel
1969 2273 2091 2362 oppo-

464 2393 557 2452 nere
578 2364 613 2449 in
635 2365 802 2481 prelatas
823 2363 949 2452 literas
970 2363 1296 2464 conseruatorias,
1328 2362 1385 2450 vel
1407 2363 1444 2447 in
1464 2378 1631 2449 nostram
1646 2359 1926 2478 jurisdicionem
1948 2361 2091 2451 uoluis-

463 2495 548 2570 sent
567 2480 627 2567 vel
648 2480 840 2592 baberent.
891 2479 941 2567 Et
961 2481 1048 2591 quia
1068 2482 1205 2566 ceteris
1226 2481 1263 2566 in
1283 2481 1374 2597 ipsis
1396 2481 1536 2566 nostris
1556 2481 1736 2596 citatorijs
1757 2478 1870 2566 literis
1893 2480 2094 2567 nominatis

463 2596 785 2718 comparentibus
816 2627 864 2684 ac
885 2599 1043 2687 termino
1077 2599 1168 2715 ipsis
1188 2629 1258 2716 per
1278 2626 1348 2684 nos
1370 2596 1516 2714 prelixo
1537 2597 1870 2702 satisfacientibus,
1901 2627 2032 2714 perse
2053 2611 2091 2682 et

463 2746 555 2806 suos
584 2729 852 2834 procuratores
885 2715 1113 2804 subicientes
1143 2745 1272 2802 coram
1303 2715 1431 2802 nobis:
1462 2715 1595 2804 nobilis
1616 2713 1799 2803 Nicotaus
1820 2714 1868 2802 de
1892 2719 2086 2802 Croesouo

420 2885 441 2906 ι.
463 2863 536 2922 nac
557 2862 798 2950 comparere,
829 2859 951 2944 oeque
972 2833 1110 2948 aliquid
1130 2835 1165 2920 in
1189 2833 1343 2920 termino
1364 2863 1433 2950 per
1454 2863 1514 2940 se,
1531 2834 1591 2920 uel
1613 2865 1682 2952 per
1702 2835 1861 2946 aliquem
1881 2861 2087 2950 respousa·

463 2951 537 3066 lem
555 2952 702 3052 lacere,
734 2964 799 3038 aut
818 2950 1007 3066 ydoneum
1037 2967 1324 3070 procuratorem
1352 2953 1497 3039 curauit
1526 2983 1771 3071 comparere;
1803 2952 1950 3069 prelato
1978 2981 2090 3039 reue·

464 3067 585 3158 rendo
606 3082 713 3186 petre
733 3068 886 3160 domiuo
914 3069 1089 3159 dobanne
1115 3068 1258 3184 Episco
1287 3099 1328 3171 o,
1359 3099 1428 3187 per
1448 3099 1541 3158 suos
1571 3083 1840 3190 procuratores
1861 3069 2090 3157 sullicieotes

465 3216 595 3278 coram
616 3187 725 3274 nobis
756 3202 1013 3305 comparente,
1044 3204 1081 3277 et
1106 3189 1224 3306 ipsius
1253 3100 1399 3276 Nicolai
1427 3218 1503 3276 non
1533 3190 1787 3309 comparentis
1817 3187 2090 3276 contumaciam

464 3305 670 3394 instancius
690 3319 907 3409 accusante,
923 3334 1204 3424 processusque
1225 3307 1626 3396 excommunicatorios
1646 3323 1833 3421 tamquam
1856 3320 1986 3394 contra
2002 3333 2091 3393 oon-

465 3439 651 3512 tumacem
682 3453 729 3510 ac
753 3424 948 3528 rebellem,
977 3427 1183 3538 meritoque
1212 3424 1261 3513 de
1290 3423 1467 3543 predictis
1488 3427 1647 3543 iniurijs,
1678 3425 1944 3514 exaccionibus
1974 3452 2091 3541 pecu·

463 3543 608 3629 uiarum
630 3555 666 3630 et
688 3541 1009 3658 oppressionibus,
1031 3557 1163 3632 contra
1178 3545 1298 3661 ipsum
1316 3571 1443 3631 corum
1460 3544 1570 3631 nobis
1587 3543 1766 3660 specifice
1787 3541 2001 3660 propositis,
2017 3542 2091 3628 iam

466 3672 695 3775 suspectum:
745 3658 831 3746 Nos
852 3663 1032 3778 prelatum
1054 3661 1252 3750 Nicolaum
1274 3657 1323 3747 de
1347 3663 1559 3762 Orcsscroo,
1581 3661 1667 3748 licat
1688 3663 1832 3748 diucius
1853 3675 2091 3777 expectatum

466 3775 821 3896 pronunociuuimus
842 3795 1119 3884 contumacem,
1141 3780 1336 3896 ipsumque
1358 3779 1408 3867 ob
1416 3781 1694 3873 contumaciam
1710 3779 1921 3866 huiusmodi
1936 3807 2091 3866 excom-

464 3893 735 3983 municauimus
756 3907 792 3980 et
813 3897 1190 4000 excommunicamus,
1212 3897 1351 3984 Christi
1361 3899 1507 3985 nomine
1524 3901 1711 4004 inuocato,
1728 3899 1763 3984 in
1779 3895 1850 4012 hijs
1865 3897 2025 4013 scriptis,
2041 3923 2091 3982 ao

465 4042 674 4131 processus
695 4015 929 4102 contumaoie
950 4030 988 4102 et
1002 4030 1236 4133 opportunos
1251 4017 1450 4104 innomine
1465 4015 1849 4106 dominidecreuimus
1869 4011 2091 4114 ineundam.

419 4233 424 4240 ‚
465 4129 663 4246 Quocirca
692 4129 800 4219 vobis
829 4131 1001 4221 omnibus
1032 4146 1069 4219 et
1089 4133 1248 4254 siugulis
1278 4133 1437 4224 dominis
1465 4135 1708 4254 supradictis,
1738 4135 1774 4221 in
1795 4133 1929 4220 virtute
1959 4145 2091 4220 sancte
2141 4125 2155 4144 '

466 4247 703 4354 obediencie,
734 4263 772 4336 et
791 4251 863 4337 sub
882 4281 982 4369 pena
1001 4253 1419 4360 excommunicacionis,
1442 4277 1551 4366 quam
1574 4255 1609 4341 iu
1630 4282 1701 4343 vos
1722 4265 1760 4340 et
1778 4267 1943 4340 vestrum
1965 4276 2091 4362 queru-

465 4367 565 4472 libet,
586 4369 682 4455 trina
702 4382 827 4455 tamen
848 4371 955 4455 trium
986 4368 1128 4462 dierum
1157 4371 1369 4458 municione
1394 4373 1580 4461 canonica
1606 4369 1813 4489 premissa,
1841 4369 1911 4456 nisi
1931 4367 2092 4456 feceritis

464 4508 539 4598 que
559 4485 797 4594 mandamus,
827 4488 1096 4605 precipientes:
1118 4503 1302 4601 quatenus
1324 4487 1461 4578 dietum
1483 4487 1681 4577 Nicolaum
1704 4487 1754 4574 de
1777 4491 1993 4590 Crorsoroo,
2025 4484 2093 4591 sic,

396 4620 413 4723 ‚'
467 4615 508 4689 ut
526 4605 763 4718 premittitur,
794 4633 864 4723 per
884 4634 956 4693 nos
977 4607 1357 4715 excommunicatum,
1388 4608 1424 4694 iu
1445 4607 1582 4696 vestris
1602 4606 1786 4726 ecclesijs,
1807 4606 1964 4724 pulsatis
1986 4601 2093 4704 nolis,

466 4718 709 4833 candelisqua
738 4723 913 4811 accensis
943 4737 979 4810 et
1000 4725 1192 4831 extinctis,
1222 4754 1270 4812 ac
1299 4725 1335 4812 in
1365 4735 1503 4812 terram
1531 4727 1728 4844 proiectis,
1760 4753 1889 4812 coram
1921 4721 2094 4810 omnibus

465 4835 651 4946 lidelibus,
671 4835 721 4924 ad
743 4837 867 4928 diuina
884 4843 1150 4959 cougregatis,
1182 4857 1219 4930 et
1239 4841 1326 4930 durn
1347 4843 1475 4961 populi
1496 4845 1615 4934 maior
1635 4843 1780 4934 alluerit
1799 4841 1994 4974 multitudo
2025 4837 2092 4928 de·
