4926 5940
1072 708 1507 808 -raa--.,

372 961 377 971 ·
501 913 581 1000 Per
599 939 661 997 ma
687 908 854 1016 Parrum,
876 894 1088 998 Viccarium
1120 909 1203 1024 (sic)
1232 909 1269 998 in
1290 913 1488 1012 Przedecz,
1520 908 1628 1000 huius
1657 909 1822 998 mandati
1840 915 2023 1002 execucio

397 1033 497 1120 lacla
527 1045 583 1118 esl
612 1029 673 1117 die
694 1027 904 1133 dominico,
936 1058 1012 1145 quo
1039 1027 1260 1117 decantatur
1285 1029 1323 1118 in
1352 1026 1523 1142 eeclesijs
1544 1027 1701 1116 domini:
1730 1028 1925 1118 lnuocauil
1944 1062 2023 1138 me,

396 1180 470 1239 una
492 1179 576 1236 cum
598 1147 708 1266 sigilli
729 1148 800 1233 mei
820 1149 1065 1264 appensione.

501 1267 581 1354 Per
601 1296 661 1354 me
680 1264 905 1368 iohannem,
920 1265 1097 1352 vicarium
1115 1265 1152 1352 in
1168 1268 1332 1370 antece,
1345 1263 1454 1352 huius
1474 1265 1639 1352 mandari
1655 1267 1835 1354 execucic
1851 1268 1951 1355 lacta
1967 1286 2025 1358 est

396 1385 489 1475 laria
515 1385 634 1474 tercia
660 1385 832 1500 proxima
860 1395 947 1500 posl
976 1381 1222 1490 dominicam,
1253 1385 1291 1471 in
1321 1413 1396 1504 quo
1417 1385 1576 1472 canitur:
1606 1385 1801 1474 luvocauit
1829 1415 1907 1491 me,
1939 1415 2023 1474 cum

394 1504 507 1626 sigilli
528 1504 599 1590 mai
620 1502 862 1618 appensione.
1081 1529 1082 1536 ¹

365 1658 384 1693 -·
498 1623 577 1708 Per
597 1650 656 1706 me
677 1619 849 1724 Pbaluur,
875 1619 1074 1735 plebanum
1105 1621 1140 1706 in
1165 1625 1292 1734 Orlep,
1321 1619 1430 1709 buius
1458 1620 1623 1708 mandati
1644 1624 1825 1710 execuoio
1846 1622 1946 1708 lacta
1966 1637 2024 1710 esl

397 1743 481 1860 ipso
504 1741 564 1827 dic
585 1737 670 1850 (sic)
691 1738 782 1827 lenia
805 1736 974 1824 secunda
995 1754 1083 1856 post
1101 1737 1307 1825 louocauil.

497 1857 587 1976 Ego
607 1855 853 1956 Laurenoius,
876 1855 1171 1944 Commendalor
1191 1856 1353 1944 ecclesie
1367 1861 1813 1966 quenrolndr'slnur'eusis,
1830 1889 1912 1950 sum
1934 1869 2038 1946 exe·'

396 1989 507 2064 culus
527 2003 688 2091 presens
708 1971 922 2060 mandalum
944 1975 1193 2093 apostolicum
1215 1974 1384 2062 secunda
1407 1975 1468 2062 die
1488 1979 1628 2064 mensis
1648 1977 1800 2095 Aprilis,
1815 1978 1936 2096 ipsum
1956 1979 2022 2062 c'o-

395 2125 475 2182 ram
497 2091 638 2212 populo
659 2089 947 2179 denuucoiando
968 2095 1003 2205 in
1025 2092 1206 2206 ecclesia,
1238 2107 1276 2180 et
1294 2095 1330 2180 in
1352 2093 1500 2212 signum
1522 2095 1630 2184 buius
1651 2127 1710 2182 me
1731 2126 1842 2184 manu
1870 2094 2023 2212 propria
2088 2151 2094 2162 -

395 2211 621 2328 subscripsi,
653 2224 691 2296 et
710 2208 869 2328 sigillum
891 2213 1082 2329 proprium
1105 2210 1279 2327 appendi.

496 2329 609 2416 Auno
620 2327 757 2414 domini
774 2327 967 2415 millesimo
985 2327 1334 2432 CCCCmXXVll,
1352 2329 1412 2414 die
1428 2331 1529 2416 Solis
1545 2333 1746 2445 penultima
1762 2331 1902 2418 mensis
1916 2329 2022 2418 Mar-

395 2450 441 2536 c‘'
464 2447 559 2560 (sic),
581 2474 739 2562 presens
760 2442 865 2530 luera
878 2457 937 2530 esl
951 2445 1137 2562 publicata
1154 2473 1282 2530 coram
1299 2475 1359 2532 me
1374 2444 1543 2550 Nicolao‚
1565 2449 1707 2536 vicario
1724 2439 1919 2566 perpetuo,
1935 2462 2024 2534 lunc

393 2481 678 2654 Ebdomadario
700 2563 736 2648 in
758 2562 921 2649 ecclesia
942 2563 1186 2676 poznaniensi
1204 2562 1423 2652 kathedrali.

496 2684 575 2769 Per
596 2711 654 2768 ma
674 2680 896 2784 lobannem,
917 2680 1109 2768 Vicarium
1130 2693 1350 2799 perpetuum
1372 2682 1409 2766 in
1430 2681 1591 2768 ecclesia
1608 2681 1914 2787 wladislauiensi,
1936 2712 2022 2798 prc-

345 2823 347 2829 '
395 2803 513 2891 sentis
542 2828 749 2917 processus
781 2800 962 2887 execucio
982 2800 1085 2885 lacta
1106 2814 1164 2886 est
1184 2801 1384 2916 penultima
1405 2799 1463 2888 die
1485 2802 1624 2888 mensis
1653 2800 1862 2918 Februarij:
1923 2795 2022 2886 Nam

395 2917 583 3009 dominum
593 2918 745 3004 Pelrurn
761 2915 1027 3030 deLupstowc,
1042 2931 1081 3004 ul
1096 2918 1281 3032 prelerlur
1296 2919 1668 3026 excommunicatum,
1683 2918 1831 3035 publice
1847 2918 1883 3004 in
1900 2915 2022 3005 eccle·
2162 2944 2167 2954 ’

396 3039 450 3124 sia
472 3035 762 3124 wladislauiensi
785 3033 1024 3144 denunciaui,
1056 3050 1094 3123 el
1112 3037 1149 3122 in
1170 3037 1318 3154 signum
1340 3037 1501 3156 sigillum
1522 3067 1644 3124 meum
1666 3033 1841 3154 appendi.
2142 3058 2147 3067 ’

395 3175 399 3183 ’
496 3155 586 3273 Ego
612 3153 805 3255 Nicolaus,
833 3151 1009 3241 Vicarius
1036 3152 1268 3261 Breslensis‚
1300 3168 1480 3244 executus
1501 3187 1583 3242 sum
1613 3185 1772 3273 presens
1809 3151 2023 3240 mandalum

395 3275 643 3392 apostolicum
664 3271 865 3387 penultima
887 3272 961 3387 dyc
982 3273 1064 3382 (sic)
1085 3274 1226 3358 mensis
1245 3272 1464 3390 Februarij‚
1496 3288 1531 3361 el
1553 3277 1590 3360 in
1611 3275 1760 3392 signum
1781 3271 1905 3360 debile
1936 3301 2020 3360 exe·

396 3392 563 3481 cucionis
583 3421 645 3478 mc
664 3391 726 3476 bic
746 3389 953 3508 subscripsi
974 3404 1012 3477 et
1031 3389 1191 3508 sigillum
1212 3389 1283 3478 sub
1305 3392 1454 3478 etiul'ra
1475 3391 1651 3511 appendi.

494 3509 585 3628 Ego
607 3508 802 3613 Crislinus,
824 3505 999 3596 Vioarius
1020 3509 1056 3594 iu
1076 3513 1299 3610 Swr'rezr'nm
1321 3524 1501 3597 executus
1522 3540 1603 3597 sum
1625 3539 1786 3630 presens
1807 3505 2023 3598 mandalum

395 3629 642 3747 apostolicum
664 3626 789 3714 ultima
810 3624 871 3714 die
890 3626 1031 3716 mensis
1051 3625 1261 3744 Februarij.
1323 3626 1373 3716 El
1402 3629 1438 3716 in
1466 3629 1617 3748 signum
1638 3627 1762 3716 debile
1782 3629 2022 3718 exconcionis

396 3779 455 3836 me
476 3747 536 3834 bic
557 3743 765 3863 subscripsi
786 3758 824 3832 el
843 3743 1005 3866 sigillum
1026 3775 1148 3833 meum
1168 3746 1262 3834 inlra
1283 3745 1458 3865 appendi.
1684 3743 1691 3765 ¹

493 3866 572 3952 Per
592 3893 651 3951 me
672 3861 912 3968 Slanislaum,
934 3861 1126 3951 Vicarium
1153 3865 1190 3951 in
1210 3869 1404 3970 canotum,
1430 3867 1529 3953 laola
1551 3879 1609 3952 esl
1634 3865 1814 3953 execucio
1835 3865 2022 3981 presentis

397 4012 606 4102 processus
627 3985 711 4097 ipso
733 3983 794 4070 die
815 3981 962 4068 sabbati
983 3997 1070 4069 aule
1091 3981 1318 4070 dominicam
1368 3981 1466 4070 Esto
1488 3985 1595 4087 mibi,
1626 3998 1664 4070 et
1683 3984 1720 4067 in
1741 3981 1891 4099 signum
1911 3982 2022 4070 huius

375 4099 554 4222 'sigillum
576 4127 698 4184 meum
718 4098 883 4215 appendi
904 4113 941 4184 el
961 4129 1073 4184 manu
1096 4100 1251 4215 propria
1272 4098 1491 4214 subscripsi.
2096 4103 2100 4112 ’

494 4215 568 4303 Die
588 4215 674 4302 lune
693 4215 819 4302 ullima
841 4216 980 4300 mensis
999 4207 1135 4332 Marcij
1156 4217 1256 4302 lacla
1277 4229 1335 4301 est
1354 4217 1535 4304 execucio
1556 4247 1624 4333 per
1644 4245 1704 4302 me
1723 4211 1947 4323 dobannem,
1968 4217 2022 4304 vi·

394 4337 534 4426 carium
555 4333 718 4422 ecclesie
738 4331 984 4435 Gnesnensis,
1006 4361 1076 4450 pro
1098 4345 1186 4420 lunc
1206 4331 1514 4422 ebdomadarium
1539 4335 1645 4424 chori
1665 4331 1844 4442 eiusdem,
1863 4365 2022 4456 presen-

395 4455 440 4542 us
461 4451 625 4543 mandati
655 4481 756 4540 anno
785 4450 843 4538 lll⁰
859 4447 1012 4537 CCCC⁰
1031 4449 1211 4540 vicesimo
1231 4483 1275 4540 se
1303 4454 1410 4557 limo,
1441 4451 1565 4574 sigillo
1586 4467 1783 4542 consueto.

496 4569 586 4692 Ego
608 4569 783 4675 blachiae,
798 4569 960 4656 vicarius
976 4583 1180 4688 perpeluus
1201 4481 1363 4661 ecclesie
1383 4571 1584 4694 collegiale
1604 4573 1725 4661 sancti
1744 4575 1849 4664 Peni
1867 4572 2021 4662 Crusui·

396 4691 545 4798 ciensis,
566 4719 649 4780 sum
671 4703 852 4792 executus
866 4717 1026 4807 presens
1042 4687 1256 4778 mandalum
1271 4692 1519 4812 apostolicum
1535 4692 1595 4784 die
1610 4689 1781 4783 secunda
1795 4693 1936 4784 mensis
1948 4691 1983 4779 F
1984 4721 2021 4778 e·

1816 4961 1864 5019 ae·
