4926 5940
1152 675 1324 750 -382
1391 713 1423 728 -
1607 729 1611 748 .

1147 971 1421 1090 coccum.

513 1213 584 1292 lo
602 1207 815 1310 oppido
833 1157 1191 1304 Zuruorotcc,
1218 1227 1374 1294 unua
1399 1205 1544 1290 1416
1569 1207 1662 1292 dte
1686 1208 1715 1292 l
1734 1169 2064 1320 mssauflmtt.

474 1409 783 1484 wladislaus
809 1409 877 1484 lex
900 1409 1045 1484 lotontce
1068 1407 1180 1484 riltcro
1204 1409 1398 1598 Metloppjtr
1411 1409 1559 1502 oppidum
1586 1395 1706 1478 dacco
1726 1411 1889 1482 Kalamos
1904 1413 2020 1489 boton
2034 1431 2099 1504 per·

1208 1530 1261 1586 mu
1327 1517 1335 1599 l
1367 1563 1374 1579 .

575 1703 616 1790 ln
637 1704 784 1792 nomine
805 1701 962 1809 domini,
983 1731 1104 1790 amen.
1133 1700 1194 1790 nd
1216 1715 1435 1822 perpetuom
1456 1703 1511 1790 rei
1533 1703 1762 1791 memoriam
1802 1705 1894 1791 Cum
1914 1705 2009 1792 inter
2029 1706 2098 1792 bu-

472 1850 582 1911 mane
604 1837 736 1909 nature
756 1821 957 1910 commoda
995 1820 1104 1908 nichil
1141 1820 1291 1940 dignius
1329 1819 1511 1908 habeatur
1528 1823 1727 1926 memoria,
1758 1837 2002 1940 opportunum
2024 1824 2099 1910 exi-

472 1934 554 2046 stit,
585 1954 625 2027 ut
646 1954 755 2028 actus
776 1939 963 2026 bominum
994 1940 1181 2026 literarum
1211 1937 1401 2055 apicibus,
1433 1953 1470 2025 et
1491 1939 1636 2026 testium
1666 1941 1917 2028 annotacione
1937 1939 2099 2057 perben-

473 2074 624 2164 nentur,
657 2089 703 2144 na
724 2059 832 2173 lapsu
852 2059 1032 2174 temporis
1053 2074 1292 2145 evanescant
1329 2055 1495 2144 Proinde
1516 2053 1599 2142 Nos
1620 2054 1873 2164 wladislaus,
1896 2057 1957 2144 dei
1977 2058 2099 2176 gratia

473 2175 561 2264 ilex
582 2175 760 2280 Polonie,
798 2203 965 2261 necnon
987 2187 1169 2259 terrarum
1192 2172 1397 2278 Cracouie,
1429 2173 1683 2278 Sandomirie,
1715 2172 1880 2274 Siradie,
1913 2174 2100 2282 Lancicie,
2202 2199 2212 2220 ⁰

475 2293 662 2408 Cuijauie,
683 2291 930 2395 pomeranie,
946 2289 1215 2408 Litbuanieque
1237 2289 1420 2406 Princeps
1438 2291 1671 2407 Supprenrus
1688 2289 1782 2400 (sic),
1796 2289 2015 2404 Russieque
2037 2291 2116 2402 do·¹

474 2411 596 2497 minus
623 2424 662 2496 et
690 2407 819 2518 hereS,
851 2406 1106 2525 significamus
1134 2423 1265 2494 tenore
1293 2408 1529 2522 presencium
1591 2407 1699 2493 uibus
1728 2407 1878 2525 expedit
1903 2411 2101 2518 uniuersis,

474 2542 549 2616 tam
571 2524 808 2644 presentibus
830 2555 940 2645 quam
961 2525 1109 2631 foturis,
1131 2523 1302 2612 noticiam
1323 2441 1772 2642 presenciumlrabituris:
1813 2523 1932 2638 Quod
1953 2527 2101 2642 cupien-

473 2663 532 2734 tes
553 2643 764 2733 transitoria
809 2671 854 2730 ro
874 2643 1030 2748 eternis,
1051 2655 1087 2728 et
1108 2642 1328 2759 temporalia
1350 2671 1419 2760 pro
1440 2645 1633 2760 perpetuis
1654 2657 1902 2741 commutare,
1932 2672 1979 2729 ao
1999 2643 2098 2730 bona

475 2762 721 2852 ecclesiarum
742 2674 957 2878 adiungere,
990 2761 1075 2878 quia
1098 2787 1217 2875 opera
1246 2760 1486 2894 benignitatis
1516 2790 1648 2850 amore
1677 2757 1738 2846 dei
1768 2760 1947 2865 exhibita,
1980 2759 2098 2847 multiss

473 2881 561 2998 plici
581 2880 701 2965 fructu
722 2891 1058 2996 recompensantur
1091 2877 1238 2964 incelis
1268 2878 1317 2965 ab
1346 2909 1430 2994 ipso
1452 2877 1604 2968 domino
1639 2877 1803 2966 omnium
1823 2879 2003 2966 bonorum
2025 2877 2099 2964 lar·

475 2999 611 3116 gitore,
632 3009 772 3085 attento
794 2997 929 3106 itaque,
951 2995 1037 3081 dum
1059 3023 1143 3081 cum
1166 2995 1389 3082 exercitibus
1411 2999 1549 3085 nostris
1571 3011 1703 3084 contra
1723 2995 1855 3086 hostes
1877 3010 1911 3082 et
1932 2995 2099 3083 inimicos

475 3130 627 3202 nostros
648 3130 684 3202 et
703 3113 833 3233 Regni
852 3115 988 3230 nostrj,
1008 3111 1224 3201 Crocileros
1256 3111 1429 3200 videlicet
1449 3113 1496 3202 de
1520 3121 1690 3218 storria,
1722 3109 1994 3230 procedentes,
2016 3113 2100 3201 Sta·

374 3267 385 3298 ⁸
474 3233 620 3320 cionem
642 3233 678 3319 in
699 3231 785 3318 villa
806 3243 844 3318 et
862 3230 1068 3318 hereditate
1088 3235 1253 3335 Mazaeo,
1273 3230 1324 3318 ad
1346 3230 1565 3320 Custodiam
1586 3231 1759 3320 Ecclesie
1777 3230 1986 3350 Collegiate
2006 3231 2101 3318 San·

474 3365 535 3438 cte
556 3349 677 3437 Mario
706 3347 984 3456 Lancicionsis,
1022 3347 1258 3437 Gnesnensis
1294 3347 1476 3456 diocesis,
1513 3352 1671 3437 interra
1705 3347 1941 3436 Lanciciensi
1968 3349 2103 3450 situate

504 3468 701 3574 ertinente,
723 3467 962 3572 fecissemus,
993 3479 1032 3552 et
1051 3466 1185 3554 ibidem
1207 3466 1346 3554 Castra
1365 3481 1548 3555 metantes
1569 3467 1818 3556 stetissemus:
1849 3465 1983 3554 incolis
2003 3464 2102 3553 dicte

473 3497 690 3672 leneditatis
712 3583 875 3701 dampna
895 3613 971 3672 non
991 3584 1142 3672 modica
1162 3615 1230 3702 per
1250 3586 1436 3673 exercitus
1456 3599 1608 3673 nostros
1624 3598 1712 3672 tuno
1732 3585 1909 3700 temporis
1929 3585 2029 3672 iacta
2049 3584 2101 3670 lu-

476 3717 585 3788 erunt
605 3715 643 3786 et
662 3701 785 3806 illata3
816 3703 853 3787 in
882 3731 1042 3817 quorum
1075 3702 1295 3789 damnorum
1326 3704 1581 3790 resarcionem
1602 3718 1638 3789 et
1657 3702 1855 3821 aliqualem
1874 3731 2100 3819 recompen-

475 3846 579 3924 sam,
611 3813 662 3903 ad
682 3823 862 3906 instantes
883 3819 1088 3936 peticiones
1109 3818 1345 3906 Venerabilis
1374 3822 1442 3936 virj
1466 3820 1672 3907 Kelczonis
1693 3819 1741 3906 de
1760 3825 1899 3904 Brzou
1923 3815 2100 3906 Custodis

474 3933 574 4025 dicte
595 3933 777 4028 Custodia
796 3933 1064 4040 Lanciciensis,
1087 3934 1280 4052 Capeliani
1301 3938 1417 4024 nostri
1438 3939 1585 4024 sincere
1605 3935 1748 4046 dilecti,
1770 3937 1878 4024 nobis
1898 3934 2100 4054 peripsum

474 4053 623 4142 oblatas
658 4053 831 4170 acclinatj
862 4053 910 4141 de
945 4055 1069 4141 innate
1100 4053 1207 4140 nobis
1236 4054 1475 4174 benignitatis
1511 4055 1726 4159 clementia,
1757 4053 1806 4140 de
1828 4053 1911 4142 villa
1932 4049 2100 4172 predicta

475 4177 624 4260 Morou
654 4173 847 4260 Ciuitatem
877 4177 1026 4260 Morou
1056 4177 1252 4260 Kclczonis
1280 4171 1569 4290 nuncupandam
1591 4168 1648 4283 (ἱ)
1677 4171 1834 4260 iacimus
1863 4187 1993 4260 tenore
2013 4199 2097 4286 pre·

577 4384 616 4468 (¹)
641 4385 689 4452 Ex
704 4385 931 4452 confirmatione
946 4405 963 4450 a
978 4387 1061 4484 Rege
1072 4383 1266 4470 sigismundo
1279 4387 1307 4462 1,
1323 4389 1403 4452 anno
1420 4385 1502 4451 1523
1517 4386 1600 4463 data,
1622 4393 1652 4452 ot
1667 4384 1789 4473 quidem
1804 4407 1823 4452 e
1837 4383 1940 4452 tabula
1955 4381 2100 4450 mambra·

478 4488 569 4536 nacco
585 4469 790 4536 Varsaviensis
804 4467 942 4536 tabularii
979 4469 1070 4535 ublrci
1083 4469 1180 4555 Regni
1196 4469 1339 4536 l’oloniao
1351 4471 1401 4536 Nr.
1419 4469 1497 4535 1557
1514 4467 1705 4556 descriptum.

578 4555 621 4635 Ρ)
647 4553 839 4638 Pririlegium
853 4552 911 4619 boc
967 4562 1065 4620 ectum
1079 4573 1169 4618 suurn
1185 4573 1247 4619 non
1261 4573 1328 4619 esso
1348 4554 1485 4619 sortitum
1508 4561 1647 4641 apparet,
1668 4573 1763 4641 mrum
1778 4551 1895 4621 nullum
1909 4549 2038 4637 supersit
2054 4569 2102 4616 va

476 4635 600 4732 eligium
627 4635 697 4701 dicti
720 4637 838 4723 oppidi,
864 4645 895 4703 et
907 4637 1026 4704 nonnisi
1037 4636 1103 4702 uilla
1120 4636 1238 4702 Maean
1252 4638 1283 4702 in
1298 4636 1364 4702 loco
1378 4636 1441 4704 desi
1484 4645 1542 4714 uto,
1564 4637 1706 4704 nimirum
1721 4637 1751 4702 in
1769 4636 1921 4703 territorm
1935 4641 1967 4702 et
1980 4633 2102 4720 regione

476 4721 675 4795 lanciciensi,
684 4729 828 4798 occurrat,
851 4720 987 4818 quamvis
1002 4721 1188 4820 priuilegium
1199 4721 1293 4788 bocca
1307 4741 1324 4788 a
1339 4721 1423 4805 Rege
1437 4657 1629 4806 gilbmundo
1642 4723 1671 4799 l,
1687 4739 1768 4787 anno
1787 4717 1867 4787 ibid
1883 4728 1963 4786 esset
1977 4735 2101 4784 renora-

476 4811 551 4872 turn
588 4801 695 4879 aaa,
711 4803 776 4870 villa
791 4804 932 4872 terrrtorii
947 4803 1170 4884 Ollusziensrs,
1193 4803 1327 4891 regionis
1342 4803 1490 4872 Pilceosrs.
