4878 5942
1019 775 1290 848 -285-

354 977 456 1100 pituli
473 971 787 1068 wladislauiensis
802 976 978 1097 predicti,
1009 978 1169 1084 sculteto
1188 973 1359 1098 predicto
1391 905 1527 1067 dictam
1549 978 1671 1072 villam
1690 985 1889 1092 Sodllcomo
1908 981 1959 1070 nd
2076 930 2086 1039 i
2145 953 2150 960 ¹

355 1127 509 1188 mansos
529 1127 695 1217 paruuos
716 1099 798 1212 (sic)
819 1097 1055 1216 llumingioos
1076 1100 1247 1216 exposuit
1274 1097 1324 1186 ad
1345 1096 1544 1185 locandum
1565 1097 1635 1186 sub
1656 1097 1816 1218 ea,²³que
1836 1102 1959 1220 sequi·

356 1221 424 1324 tdr,
444 1215 698 1305 ordinacione.
739 1217 864 1304 Primo
885 1213 1067 1336 siquidem
1089 1213 1258 1334 predicto
1281 1217 1440 1306 sculteto
1461 1233 1498 1305 et
1517 1217 1595 1304 suis
1615 1220 1788 1334 posteris
1810 1220 1960 1309 racione
1984 1329 1985 1334 Ν
2029 1264 2035 1274 ·
2080 1322 2085 1340 ⁹

129 1323 132 1334 ’
191 1399 197 1406 -
355 1335 568 1441 locucionis
589 1333 721 1422 damus
737 1347 813 1422 tres
830 1363 982 1422 mensos
1004 1335 1038 1420 in
1060 1333 1160 1421 dicta
1181 1333 1276 1440 villo,
1296 1365 1452 1424 acensu
1468 1351 1605 1424 tantum
1627 1335 1776 1443 liburna,
1797 1337 1961 1438 sednon

354 1483 379 1542 a
398 1453 545 1542 decima
574 1455 653 1542 inre
679 1451 904 1540 hereditario
926 1465 1108 1572 perpetuo
1130 1454 1287 1570 pacifice
1307 1453 1572 1574 possidendos.
1618 1454 1746 1544 looole
1765 1485 1858 1546 vero
1870 1459 1960 1577 ipsi,

217 1598 223 1606 ·
356 1572 496 1694 elapsis
510 1588 669 1692 quatuor
683 1574 792 1662 aunis
808 1569 1138 1678 libertatis,adata
1154 1575 1389 1689 presencium
1406 1573 1676 1692 computandis,
1694 1573 1795 1663 dioto
1815 1575 1960 1694 Troya·
2064 1627 2068 1642 ·

360 1722 410 1781 no
433 1707 471 1781 et
491 1692 569 1782 suis
590 1691 893 1796 successoribus,
915 1692 984 1810 qui.
997 1720 1066 1809 pro
1088 1704 1256 1808 tempore
1276 1692 1398 1780 villam
1420 1694 1594 1781 tenebunt
1614 1693 1783 1796 eandem,
1803 1693 1960 1816 singulis

354 1811 462 1900 annis
483 1811 518 1898 in
537 1811 633 1898 lestu
655 1810 932 1928 purificaoionis
952 1809 1061 1897 beate
1082 1808 1204 1896 lllarie
1234 1811 1389 1948 virginis
1418 1812 1602 1931 gloriose,
1628 1813 1782 1900 racione
1812 1843 1961 1918 census,

357 1945 445 2021 octo
473 1944 603 2018 scotos
633 1928 806 2019 munetbo
835 1941 873 2016 et
903 1928 1045 2017 numeri
1074 1927 1349 2035 Tboruneosrs,
1377 1946 1414 2017 et
1443 1929 1539 2018 duos
1573 1930 1695 2054 pullos
1722 1929 1772 2068 de
1789 1932 1960 2050 quolibet

359 2077 490 2136 manso
510 2047 671 2154 soluere,
699 2062 736 2136 et
756 2046 938 2135 decimam
966 2047 1217 2166 manipulatim
1244 2049 1281 2136 in
1301 2077 1436 2168 campo
1456 2079 1528 2138 suo
1549 2063 1717 2168 tempure
1738 2079 1782 2156 er,
1805 2053 1864 2138 oui
1895 2049 1961 2140 de·
2115 2133 2118 2138 .

357 2167 476 2275 betur,
496 2179 623 2285 preter
642 2165 823 2256 decimam
839 2167 910 2274 lini,
927 2197 996 2288 pro
1018 2197 1091 2288 qua
1113 2167 1260 2256 soluent
1279 2168 1406 2288 viginti
1428 2167 1603 2256 denarios
1624 2168 1787 2276 usuales,
1807 2168 1856 2256 de
1876 2195 1963 2258 ara·

357 2300 417 2375 tro
436 2298 618 2404 perpetuo
643 2286 843 2407 assignare
873 2285 1105 2374 tenebuntur.
1144 2283 1267 2399 Quem
1288 2317 1440 2374 censum
1469 2289 1647 2375 scultetus
1668 2289 1749 2406 ipse
1778 2317 1862 2376 cum
1883 2291 1962 2378 suis

357 2407 519 2524 posteris
539 2403 700 2522 exigent,
734 2421 767 2492 et
789 2403 940 2523 colliget
960 2403 1042 2515 (sic)
1069 2419 1106 2489 ct
1127 2405 1246 2490 eidem
1267 2403 1419 2492 domino
1446 2405 1625 2522 Troyaoo
1645 2421 1682 2494 et
1708 2406 1787 2494 suis
1808 2437 1963 2500 sueces-

358 2521 506 2612 soribus
525 2521 755 2641 integraliter
774 2522 1011 2640 presentabit
1041 2520 1229 2610 ludicobit
1247 2536 1371 2610 autem
1392 2523 1570 2611 scultetus
1590 2525 1670 2642 ipse
1692 2555 1775 2612 oum
1796 2515 1874 2614 sois
1894 2555 1963 2644 po-

358 2642 469 2730 steris
490 2669 620 2727 omnes
640 2669 777 2728 causas
798 2669 937 2758 paruas
958 2654 995 2726 et
1014 2669 1192 2759 magnae,
1223 2639 1351 2727 ciuiles
1373 2653 1410 2726 et
1430 2641 1650 2748 criminales,
1672 2643 1764 2730 inlra
1786 2645 1963 2732 terminus
2080 2748 2083 2754 ¹

359 2759 458 2847 dicte
485 2755 701 2847 hereditatis
729 2759 988 2878 contingentes
1008 2758 1094 2874 jure
1127 2755 1436 2877 meydburgensi,
1467 2771 1578 2876 prout
1597 2759 1634 2846 in
1655 2773 1755 2848 terra
1776 2759 1965 2868 Colmensi

359 2892 523 2982 tenetur,
543 2893 718 2996 presente
738 2876 872 2964 nuncio
893 2874 979 2964 dicti
1000 2875 1164 2992 Troyani
1186 2891 1221 2964 et
1237 2906 1387 2964 suorum
1409 2905 1694 2990 successorum,
1715 2879 1884 2998 generali
1904 2879 1965 2968 vel

359 2995 523 3118 speciali.
554 2996 613 3084 De
634 2994 804 3086 iudicatis
823 3024 915 3084 vero
935 3009 972 3084 et
992 2993 1040 3084 de
1060 2996 1234 3100 taberna,
1266 2994 1386 3084 dietus
1408 2995 1607 3114 Tmyouus
1627 3011 1665 3086 et
1683 2999 1741 3086 sui
1762 3027 1964 3090 successo·

359 3147 424 3204 res
445 3113 542 3202 duos
563 3114 739 3202 denarios
758 3114 929 3234 recipiet,
963 3127 1000 3200 et
1020 3113 1200 3201 scultetus
1221 3115 1300 3234 ipse
1321 3145 1403 3201 oum
1426 3115 1504 3204 suis
1539 3115 1700 3234 posteris
1734 3115 1886 3203 ter'oium
1906 3148 1963 3206 re·

359 3232 496 3324 tinebit.
527 3233 729 3320 Statuimus
750 3233 912 3350 insuper,
943 3231 1043 3352 quod
1064 3232 1243 3320 scultetus
1269 3235 1350 3352 ipse
1371 3247 1407 3321 et
1426 3235 1483 3322 sui
1504 3234 1654 3352 posteri,
1679 3233 1875 3353 villaniquo
1896 3257 1964 3340 seu
1987 3319 1993 3330 .

361 3351 482 3441 incola
502 3351 538 3438 in
568 3352 649 3471 ipsa
670 3351 773 3456 villa,
809 3383 856 3440 ex
876 3351 1030 3470 speciali
1046 3365 1168 3469 pecto,
1199 3351 1446 3470 personaliter
1473 3351 1635 3441 debeant
1660 3352 1848 3458 residere,
1874 3354 1964 3442 etsi
2118 3355 2126 3370 ”

263 3521 264 3524 ¹
361 3471 542 3592 quispiam
563 3469 729 3590 ipsorum
750 3469 823 3557 boc
845 3481 1134 3588 contempneret,
1156 3485 1192 3557 ct
1212 3471 1247 3558 in
1268 3470 1277 3556 i
1307 3501 1349 3558 sa
1371 3471 1455 3558 villa
1476 3501 1551 3560 non
1572 3469 1763 3578 resideret,
1784 3472 1964 3562 scultetus

361 3588 557 3695 scottecia,
591 3605 628 3677 et
646 3587 802 3677 villanus
823 3617 973 3693 manso,
1010 3602 1046 3675 et
1067 3585 1242 3708 quidquid
1271 3503 1318 3676 ibi
1339 3587 1439 3676 aliod
1467 3587 1661 3680 immobilis
1682 3587 1851 3698 babebit,
1880 3592 1964 3712 ipsu

359 3707 460 3796 lacto
487 3737 556 3796 seu
579 3707 665 3826 jure
686 3705 899 3796 omnimode
927 3707 973 3795 sit
993 3707 1171 3826 priuatus.
1204 3705 1391 3828 Quodque
1419 3707 1539 3798 nullus
1569 3709 1725 3799 villanus
1755 3741 1822 3798 seu
1843 3711 1964 3798 incola

360 3823 456 3946 plus,
478 3856 588 3947 quom
609 3825 882 3916 duus'mansos
902 3825 938 3914 in
960 3825 1042 3946 ipsa
1062 3826 1147 3914 villa
1168 3823 1304 3914 debeat
1324 3826 1500 3917 obtinere.
1531 3823 1580 3916 Et
1601 3827 1703 4034 quud
1725 3829 1842 3916 eciam
1864 3827 1964 3930 suol7
2049 3925 2051 3932 ,

240 3953 245 3966 “
358 3957 459 4033 tetus
473 3945 556 4064 ipse
575 3959 611 4034 et
631 3947 689 4034 sui
709 3945 860 4064 posteri,
881 3943 1095 4035 scolteoiam
1118 3943 1274 4032 eandem
1285 3945 1380 4033 mulli
1402 3945 1583 4056 vendere,
1634 3975 1762 4052 unare,
1783 3947 1963 4065 obligare,
2043 3935 2055 4007 i

361 4077 591 4184 permutare,
612 4077 675 4150 aut
697 4063 831 4184 quouis
851 4064 925 4152 alio
946 4061 1060 4151 modo
1081 4063 1250 4150 alienare·
1271 4065 1307 4150 in
1326 4078 1432 4184 parte
1452 4063 1511 4152 vel
1540 4065 1577 4152 in
1597 4077 1675 4154 toto
1695 4062 1965 4269 valeantpre·
2043 4129 2046 4144 .

361 4195 418 4270 ter
438 4194 601 4268 nostram
623 4195 659 4268 et
679 4198 890 4269 nostrorum
912 4211 1194 4286 successorum,
1222 4212 1269 4267 ac
1289 4181 1434 4302 capituli
1465 4179 1776 4270 wladislauieosis
1797 4211 1864 4302 pre
1893 4183 1965 4284 icti,

361 4299 587 4388 voluntatem
611 4313 646 4386 et
667 4328 903 4386 consensum.
933 4298 1069 4386 Preter
1089 4297 1169 4400 hen
1191 4301 1222 4386 si
1243 4297 1378 4386 dictum
1394 4299 1580 4388 dominum
1602 4299 1816 4416 Troyonum
1844 4315 1881 4390 et
1900 4334 1963 4390 su·

363 4447 409 4508 os
429 4439 679 4511 successores
717 4413 902 4504 aduersus
932 4416 1090 4504 eundem
1124 4415 1317 4503 scultetum
1349 4433 1385 4505 et
1405 4449 1497 4506 suos
1518 4433 1692 4538 posterus
1722 4416 1850 4540 aliquit
1883 4419 1964 4533 (sio)

284 4643 286 4650 Ι
363 4566 482 4658 agere
507 4535 567 4628 vel
594 4534 781 4657 querulari
808 4537 1019 4654 contingat,
1045 4533 1125 4652 ipse
1147 4565 1273 4622 coram
1295 4535 1379 4624 dicti
1400 4535 1562 4653 Troyani
1582 4551 1619 4625 et
1637 4545 1791 4627 suorum
1811 4569 1965 4651 succes·

364 4685 491 4743 sorum
515 4653 661 4774 judice,
690 4684 799 4776 quem
829 4651 879 4741 ad
916 4653 990 4742 boo
1020 4656 1186 4774 posuerit
1215 4652 1346 4742 ibidem
1375 4655 1409 4742 in
1440 4661 1656 4764 Sndtlowo‚
1684 4657 1762 4744 iore
1796 4657 1979 4775 predicto,

364 4771 636 4896 Meyburgensi
660 4775 741 4888 (sic)
774 4769 1027 4892 respondebit.
1064 4771 1154 4860 Item
1181 4771 1302 4860 villani
1339 4805 1405 4862 seu
1435 4773 1555 4862 incole
1574 4773 1658 4864 ville
1705 4773 1874 4884 relibate,
1894 4807 1964 4896 pro

275 4979 280 4999 ,
364 4893 481 4984 tribus
501 4892 666 5012 praodijs
694 4891 946 5013 mcolloquijs
965 4893 1216 5014 generalibus,
1237 4891 1400 5014 quolibet
1419 4921 1519 4984 anno
1538 4805 1729 5001 iaciendis,
1749 4925 1819 5015 pru
1835 4925 1965 5016 porco,
2032 4935 2040 4952 ·
