4896 5926
209 2029 219 2041 ι
292 1995 298 2004 ·
328 1975 431 2062 lateri

1021 717 1270 792 ..ῃ-

327 919 543 1008 utilitatibus
562 931 601 1004 et
615 917 769 1022 iuribus,
790 947 864 1036 que
883 915 1054 1034 predicto
1074 916 1162 1004 duci
1183 913 1458 1034 competebant,
1480 916 1540 1006 uel
1555 929 1771 1035 competere
1785 930 1959 1035 poterant

327 1039 566 1143 inluturum3
597 1037 645 1122 ita
666 1033 769 1151 quud
790 1035 827 1120 in
848 1035 1020 1122 omnibus
1039 1028 1164 1122 lundis
1185 1049 1223 1120 et
1243 1034 1337 1120 lucis
1357 1034 1461 1121 circa
1480 1034 1680 1124 ecclesium
1701 1033 1957 1123 kathedralem
2078 1111 2082 1124 .

328 1155 439 1271 sylis,
469 1168 506 1240 et
525 1153 561 1240 in
582 1151 766 1240 ambabus
785 1150 881 1238 villis
902 1151 1097 1268 predictis,
1127 1151 1237 1237 nichil
1257 1151 1328 1238 sibi
1348 1150 1493 1266 penitus
1520 1153 1610 1240 iuris
1638 1151 1803 1240 obtinuit.
1853 1151 1958 1240 ldem

328 1273 483 1388 insuper
497 1269 590 1358 'dux
620 1269 737 1358 cessit
765 1271 947 1386 episcopo
974 1285 1012 1358 et
1032 1267 1195 1386 capitulo
1222 1266 1271 1356 de
1289 1267 1505 1358 molendino
1522 1299 1614 1376 suo,
1642 1268 1747 1386 quod
1765 1267 1959 1358 locauerut

328 1390 425 1476 inter
444 1386 695 1474 molendinum
710 1385 759 1474 de
780 1393 892 1486 Vries,
914 1401 951 1474 et
970 1385 1220 1472 molendinum
1242 1385 1400 1490 ciuitatis
1419 1392 1741 1475 Wlodislam'enm's.
1775 1386 1958 1476 Preterea

328 1503 433 1611 nille,
463 1533 537 1622 que
566 1507 718 1591 dlotlno
735 1503 789 1616 (³)
817 1503 1023 1620 uulgariter
1043 1517 1297 1620 nuncupatur,
1327 1503 1494 1620 prelatus
1521 1503 1598 1592 dux
1625 1503 1783 1592 eandem
1805 1503 1959 1592 cuntulit

327 1623 551 1726 libertatem,
579 1650 691 1739 quam
713 1635 839 1710 cetere
860 1621 945 1707 uille
965 1621 1116 1738 antique
1130 1617 1307 1824 pandent
1332 1619 1495 1709 ecclesie
1515 1637 1732 1711 memorate.
1781 1621 1958 1710 Prolatus

329 1769 480 1860 quoque
501 1737 579 1826 dux
599 1740 789 1829 concessit
808 1737 1023 1826 liberaliter:
1052 1765 1128 1872 quo
1177 1736 1350 1828 dominus
1371 1739 1575 1856 episcopus
1596 1755 1633 1828 et
1653 1739 1733 1826 eius
1753 1767 1958 1828 successo·

327 1885 409 1962 res,
464 1853 645 1944 redictani
667 1854 852 1980 ciuitatem
874 1855 1026 1944 fossatis
1046 1854 1341 1961 circumuallare,
1361 1883 1410 1942 ac
1429 1857 1571 1944 munire
1592 1857 1742 1944 ualeant
1761 1854 1958 1974 lapidibus,

434 1887 505 2063 bus
526 1973 607 2062 siue
627 1971 651 2060 li
682 1975 750 2061 nis.
802 1971 986 2062 Dominus
1011 2001 1106 2064 vero
1131 1968 1368 2092 Episcopus,
1399 2001 1482 2060 cum
1509 2003 1699 2062 consensu
1720 1973 1778 2062 sui
1798 1971 1958 2090 capituli,

289 2143 294 2154 ·
327 2093 443 2206 cessit
472 2091 625 2180 domino
651 2003 737 2178 duci
766 2093 803 2180 in
823 2089 1120 2210 perpetuum‘de
1148 2095 1321 2177 Soeolow
1350 2101 1385 2178 et
1407 2089 1456 2178 de
1476 2105 1579 2180 sorte
1627 2089 1764 2178 uadum
1792 2092 1829 2178 in
1848 2095 1958 2180 Mar-

328 2215 465 2297 clouu'e
484 2205 558 2324 (⁴),
595 2237 707 2328 quam
742 2209 939 2298 lohannes
968 2215 1097 2322 sucula
1124 2235 1173 2294 ex
1202 2221 1310 2324 parte
1338 2207 1457 2326 ipsius
1485 2123 1718 2326 possidebat
1768 2205 1824 2295 lta
1854 2205 1958 2328 quod

325 2326 448 2438 incole
469 2325 518 2412 de
537 2332 708 2414 Socclom
738 2343 776 2414 et
804 2325 853 2414 de
885 2331 1070 2414 Gozdlioo
1087 2321 1142 2436 (⁶)
1164 2324 1270 2414 etde
1290 2339 1394 2414 sorte
1414 2327 1450 2414 in
1469 2331 1698 2416 Murcloue‘c
1718 2323 1791 2413 huo
1810 2324 1958 2446 gaude·

221 2498 224 2507 ν
325 2445 418 2532 bunt
436 2442 617 2528 libertate:
639 2443 741 2560 quod
763 2443 929 2529 decimus
951 2442 1198 2560 manipulams
1218 2471 1293 2528 non
1313 2441 1473 2550 soluent;
1493 2443 1562 2530 sed
1579 2443 1628 2530 de
1646 2443 1810 2563 quolibet
1823 2472 1957 2532 manso

324 2588 459 2679 paruo,
481 2557 543 2678 qui
559 2563 785 2670 pannosis
804 2559 1001 2679 wlgeriter
1021 2571 1268 2676 nuncupatur,
1292 2560 1475 2678 episcopo
1495 2571 1534 2646 et
1553 2561 1746 2648 canonicis
1767 2559 1959 2649 soluentur
2053 2623 2056 2630 ·

327 2674 487 2798 singulis
514 2673 622 2763 annis
657 2675 694 2767 in
722 2673 820 2764 lesto
849 2675 949 2763 bauti
981 2673 1133 2763 Martini
1150 2674 1233 2778 ,due
1260 2704 1436 2764 mensure
1462 2677 1588 2782 tritici,
1619 2707 1690 2764 sex
1715 2675 1892 2794 siliginis,
1921 2691 1958 2764 et
2032 2745 2034 2756 ,

329 2807 490 2914 quatuor
516 2817 657 2882 auene:
686 2823 863 2881 mensuro
892 2791 1036 2880 scilicet
1064 2791 1229 2881 usuales.
1279 2791 1380 2880 Acta
1407 2805 1493 2880 sunt
1522 2791 1594 2880 heu
1620 2794 1656 2879 in
1677 2799 1833 2906 ontrpuu
1860 2797 1958 2882 Μα-

327 2917 489 3032 dioloue'o
507 2939 607 2998 anno
628 2909 767 2998 domini
799 2909 856 2998 Μο
885 2909 952 2998 CC
981 2905 1067 2997 Lx·
1093 2925 1214 3014 sexto,
1242 2907 1372 2998 ldibus
1400 2909 1551 3028 Aprilis
1601 2905 1680 2997 Per
1700 2907 1957 2998 honorabilem
2003 3017 2007 3029 Ι

328 3031 446 3116 uirum
471 3027 659 3116 dominum
686 3027 942 3148 Sthephanum
962 3023 1150 3115 Abbatem
1170 3027 1306 3114 domus
1327 3043 1459 3115 sancte
1478 3027 1601 3116 Maris
1621 3026 1957 3136 Wratislauiensis,

329 3162 366 3234 et
396 3144 592 3235 custodem
627 3144 723 3234 Phill
751 3175 866 3264 ppum
895 3144 1063 3234 eiusdem
1096 3144 1231 3233 domus
1261 3145 1501 3262 magistrum,
1536 3143 1736 3252 Milonem,
1767 3143 1958 3234 dominum

327 3261 563 3381 Raphaelem
591 3177 853 3351 cancellarium
880 3265 997 3384 ipsius
1019 3261 1139 3350 ducis.
1182 3261 1447 3350 Prosentibus:
1472 3261 1562 3350 Vito
1582 3264 1788 3470 preposito,
1813 3261 1959 3350 Alberu
2004 3381 2010 3391 ι

329 3381 495 3488 decano,
522 3381 592 3468 Ste
619 3379 720 3468 hano
747 3379 1061 3498 Archidyacono,
1092 3377 1296 3468 Sandislao
1325 3379 1504 3485 custode,
1532 3380 1641 3469 Bene
1669 3382 1760 3488 icto,
1789 3377 1958 3486 Andrea,

328 3495 488 3588 Nicolao
518 3511 556 3586 et
582 3411 759 3586 lbhanne
786 3497 979 3588 canonicis
1010 3495 1413 3625 Wladislauieusibus,
1441 3497 1609 3586 Henrico
1629 3497 1852 3604 scolastico,
1880 3492 1957 3616 Ly·

328 3615 477 3736 phardo
505 3614 814 3820 Archidpacono,
846 3615 1003 3704 Alberto
1033 3629 1188 3738 cantore
1213 3627 1251 3704 et
1276 3611 1434 3705 Alberto
1461 3614 1622 3706 custode
1642 3615 1958 3723 crusllciensibus,

329 3749 367 3822 el
385 3733 467 3822 aliis
486 3763 598 3853 quam
619 3733 786 3854 puribus
805 3733 882 3824 ilde
902 3733 1038 3856 dignis.

350 4055 354 4064 .
429 3999 468 4084 (θ)
496 3999 614 4066 Klotno
635 3999 703 4066 uilla
723 4001 816 4067 territ
839 3999 1024 4100 Cujuriunsis
1045 4001 1177 4086 regionis
1193 4021 1266 4068 vero
1287 3999 1505 4078 llowaliensis,
1527 3999 1615 4066 Winz
1629 4000 1708 4066 idem
1722 3997 1804 4092 quod
1827 3999 1955 4066 Wieuiee

329 4083 397 4152 rillu
411 4085 553 4150 territorii
567 4083 762 4170 Cujaviensis.
777 4085 908 4170 rugionrs
922 4085 1100 4151 breutensis.

429 4166 470 4248 (⁴)
500 4165 660 4236 Soleolowo
672 4177 703 4236 et
717 4169 884 4246 Malous,
899 4169 986 4236 villae
997 4168 1139 4238 territorii
1154 4168 1341 4266 fuliniensis
1352 4165 1484 4253 regionis
1497 4167 1675 4236 ltrestoutio.

405 4251 469 4402 ‚1⁵2
503 4247 614 4402 detego
630 4251 702 4404 cuppla
723 4253 864 4324 territorii
889 4252 1075 4339 Cujarieus'u
1095 4253 1226 4338 regiona
1248 4273 1319 4320 reru
1340 4252 1524 4329 breutensis,
1555 4249 1773 4320 Dumderiuiue
1793 4267 1952 4340 perparum

300 4373 302 4378 ·
331 4355 453 4402 nomm
480 4355 547 4404 sem
597 4359 630 4403 er
673 4359 721 4403 no.
