4876 5940
912 733 1384 816 ,·-22'l-'

951 995 1247 1152 animun.

510 1269 785 1366 Brcuttue,
811 1289 967 1358 unctu
993 1270 1134 1360 1³21
1161 1273 1255 1358 dte
1279 1271 1359 1358 ab
1385 1273 1700 1364 Februarii.

168 1569 170 1576 y
288 1467 413 1546 intras
428 1471 854 1572 mounssovrenm,
877 1471 998 1548 broialo
1016 1473 1193 1564 Teutonici,
1214 1470 1475 1546 conmissurus
1495 1473 1586 1546 sotir
1599 1474 1798 1570 tportotlcto
1816 1474 1911 1570 lnjua

513 1579 666 1650 vocantur
686 1577 726 1650 ob
748 1577 896 1672 otuinus
918 1579 1072 1652 ecclesius
1091 1575 1342 1650 modulantem
1360 1575 1470 1649 litatus
1483 1575 1612 1672 intuitu
1627 1579 1680 1664 (¹).
1772 1573 1775 1580 '

386 1767 588 1872 denisium,
609 1767 732 1854 diuina
753 1781 790 1854 et
809 1769 1018 1886 apostolice
1039 1769 1142 1857 sedis
1162 1765 1405 1886 prouidencia
1424 1782 1556 1856 sancte
1576 1766 1830 1888 gnezdncnsis
1846 1799 1913 1856 ece·

288 1887 402 1974 clesie
423 1886 751 2004 orcbiepiscopus,
782 1903 819 1976 ct
838 1887 1077 1994 Domaralus,
1098 1887 1233 1975 eadem
1255 1888 1387 2008 gracia
1411 1887 1675 2006 poznuniensis
1695 1887 1910 2007 episcopus,

288 2022 325 2093 ct
346 2004 528 2092 Nicolaus
548 2005 717 2093 decanus
737 2009 985 2124 gneznensis,
1010 2007 1160 2127 judices
1189 2005 1321 2094 asede
1341 2007 1551 2126 apostolica
1572 2004 1747 2126 deputati,
1768 2005 1909 2094 discre-

288 2125 334 2211 tis
363 2125 452 2211 viris
473 2189 512 2208 ..
556 2124 639 2236 (sic)
668 2124 718 2217 de
751 2131 903 2214 &buo
931 2141 969 2213 et
989 2193 998 2212 .
1020 2197 1028 2212 .
1051 2127 1134 2242 (sic)
1165 2125 1214 2214 de
1234 2133 1408 2240 Iluycou,
1435 2125 1646 2214 rectoribus
1667 2125 1910 2214 ecclesiarum
1960 2215 1968 2224 ,

144 2313 147 2326 .
287 2242 617 2332 Wledislauiensis
639 2244 834 2362 dyocesis,
867 2245 1024 2334 salutern
1046 2248 1081 2333 in
1104 2246 1275 2351 dominu,
1297 2259 1334 2331 et
1355 2245 1539 2334 mundatis
1560 2244 1778 2364 apostolicis
1793 2243 1910 2331 ¹firmi·

287 2377 344 2448 ter
364 2361 532 2450 obedire.
595 2363 800 2478 Querelam
827 2393 986 2484 grauem
1016 2364 1240 2452 venerabilis
1269 2364 1392 2451 fratris
1408 2365 1524 2452 nostri
1554 2363 1691 2450 domini
1712 2363 1909 2470 Geruardi,
1942 2371 1946 2378 “

288 2479 616 2568 Wladislauiensis
644 2484 812 2600 episcopi
842 2483 1052 2599 recepimus
1082 2483 1343 2586 continentem,
1373 2482 1506 2600 quod.
1527 2549 1536 2568 .
1561 2483 1643 2594 (sic)
1665 2482 1911 2571 comendator

287 2613 325 2686 ct
345 2601 479 2687 batres
501 2598 549 2686 de
569 2605 770 2706 Lobc'ssow,
792 2600 933 2688 ordinis
949 2602 1068 2688 sencti
1084 2601 1269 2687 lobannis
1289 2599 1482 2718 hospitalis
1509 2598 1842 2716 Gernsolyonitani,
1874 2603 1911 2688 in
2015 2593 2020 2603 ’

286 2719 485 2807 uindictam
501 2727 999 2836 processuumnostrorum,
1021 2749 1119 2838 quos
1139 2719 1290 2822 dudum,
1306 2717 1355 2804 sd
1372 2720 1588 2806 instanciam
1610 2719 1779 2806 eiusdem
1800 2715 1910 2804 Wla-

287 2836 524 2928 dislauicusis
545 2839 714 2958 episcopi
733 2869 805 2958 pro
824 2837 998 2956 dampnis
1019 2855 1056 2926 et
1076 2837 1214 2956 iniurijs
1235 2867 1303 2956 per
1331 2838 1437 2954 ipsos
1463 2839 1500 2925 in
1527 2836 1636 2924 bonis
1658 2835 1820 2924 ecclesie
1841 2867 1911 2926 suc

285 2957 746 3078 multipliciterirrogntis,
767 2971 900 3046 contra
920 2959 1025 3075 ipsos
1045 2958 1201 3045 lecimus
1221 2957 1441 3044 auctoritate
1461 2953 1565 3045 sedis
1585 2955 1814 3075 apostolice,
1835 2985 1911 3074 qun

284 3077 535 3197 fungebamur
554 3090 592 3161 et
611 3077 798 3198 fungimur
818 3078 853 3164 in
874 3076 948 3162 bec
964 3094 1090 3194 parte,
1113 3075 1210 3163 male
1230 3075 1337 3164 malis
1358 3075 1604 3178 cumulantes,
1625 3075 1724 3162 bona
1748 3074 1911 3164 ecclesie

285 3195 441 3313 predicti
462 3195 599 3284 dodim
616 3195 794 3313 episcopi,
816 3195 989 3284 videlicet
1015 3201 1190 3298 Sobcoco,
1208 3201 1437 3296 Milobuucz,
1458 3199 1665 3297 dialectico,
1686 3199 1912 3297 Mesonzioo,

288 3319 477 3402 Geoolcze
505 3329 543 3402 et
565 3319 802 3402 Goczessouo
824 3311 885 3426 (2)
907 3315 1088 3403 hostiliter
1108 3314 1332 3432 spoliarunt,
1362 3329 1399 3402 et
1426 3313 1527 3402 bona
1548 3313 1696 3402 mobilia
1716 3327 1824 3430 rupta
1845 3313 1909 3400 ibi·

284 3433 369 3522 dcm
399 3463 494 3521 ausu
524 3431 721 3521 temerario
742 3433 996 3538 abduxerunt,
1017 3451 1064 3538 et,
1081 3433 1184 3554 quod
1204 3431 1438 3550 nephandius
1459 3434 1540 3545 (sie)
1562 3446 1636 3540 est,
1667 3431 1909 3522 honorabiles
1939 3511 1945 3522 .

283 3554 396 3659 viros,
419 3552 593 3640 dominos
614 3551 772 3640 Paulum
793 3552 1033 3641 scolasticum
1051 3553 1375 3656 crussuiciensem,
1396 3567 1678 3672 procuratorem
1700 3552 1817 3670 ipsius
1838 3545 1929 3640 do·¹

283 3671 369 3758 mini
390 3673 578 3791 episcopi,
610 3685 647 3758 et
667 3669 871 3760 Henricum
893 3687 1078 3760 rectorem
1099 3671 1260 3760 ecclesie
1287 3669 1577 3774 deliciabuntur,
1597 3671 1831 3789 capellanum
1852 3673 1908 3790 ip

283 3793 373 3890 sius,
396 3791 682 3909 presumpcione
703 3789 927 3910 dampnabili
949 3792 1192 3908 captiuorum,
1213 3805 1249 3878 et
1270 3790 1479 3880 vinculatos
1499 3820 1547 3878 ac
1567 3791 1734 3911 grauiter
1748 3791 1908 3877 alllictos

283 3908 408 4030 aliquo
430 3926 600 4028 tempore
621 3912 776 4030 turpiter
796 3923 1010 4012 tenuerunt,
1042 3927 1079 3998 el
1098 3913 1275 4000 astrictos
1296 3909 1599 3998 fideiussionibus
1620 3925 1657 3996 et
1675 3907 1907 3996 fideiussori-

284 4029 364 4130 bus,
386 4029 436 4116 ab
457 4029 598 4116 eisdem
620 4059 779 4148 magnas
802 4032 980 4148 pecunias
1002 4043 1262 4134 extorserunl;
1294 4058 1390 4148 quus
1411 4031 1516 4148 ipsos
1537 4027 1585 4114 de
1606 4028 1714 4120 bouis
1735 4027 1906 4124 ecclesie,

285 4149 455 4268 quamuis
476 4149 574 4234 bona
596 4149 728 4234 eadem
751 4179 825 4234 non
848 4151 920 4238 sint
943 4178 1071 4236 corum
1094 4151 1265 4266 propria,
1298 4146 1366 4234 scd
1388 4147 1569 4250 ecclesie,
1601 4145 1687 4232 licet
1706 4146 1840 4232 inuitos
1870 4161 1908 4232 et

283 4269 484 4356 renitentes
514 4265 645 4352 iniuste
674 4266 825 4352 soluere
858 4266 1101 4384 opportebat:
1134 4280 1171 4352 et
1191 4268 1344 4382 insuper
1365 4253 1600 4382 expostlacto
1627 4263 1830 4350 discretum
1850 4266 1906 4354 vi-

283 4417 363 4474 rum
385 4385 575 4474 dominum
592 4383 829 4502 Rynlnonem,
845 4379 1128 4503 procuratorem
1145 4385 1261 4504 ipsius
1275 4383 1413 4472 domini
1434 4385 1614 4503 episcopi,
1627 4400 1664 4470 et
1678 4381 1905 4472 Stenislaum

383 4638 392 4724 l
405 4637 427 4721 ¹)
447 4639 494 4708 Ex
509 4636 671 4788 orobet'ppo
686 4635 915 4738 mambranaceo
929 4637 1070 4704 tabularii
1085 4637 1204 4724 capituli
1211 4635 1486 4704 Wladislouiaooir.
1501 4596 1671 4724 Supersunt
1681 4635 1828 4704 toeniolac
1837 4658 1905 4724 per·

283 4743 429 4809 gamaoue
442 4725 533 4790 trium
549 4723 605 4808 sigi
627 4743 714 4788 orum
730 4721 935 4809 abruptoruuu

383 4807 428 4892 (²)
448 4811 484 4876 In
500 4827 603 4875 avorsa
617 4807 706 4874 bu'us
719 4806 839 4874 tabulae
893 4815 938 4874 rte
959 4815 1134 4874 annotatum
1151 4817 1197 4874 est
1210 4807 1263 4874 bus
1278 4805 1362 4874 villus
1377 4807 1407 4874 in
1422 4807 1573 4894 prouincia
1589 4789 1816 4875 Pom'orunicnsi
1831 4808 1905 4874 situs

264 4913 357 4980 ,aas
368 4901 398 4960 et
411 4914 485 4961 sune
500 4893 585 4961 uillae
602 4830 747 4981 solmon
762 4901 792 4960 at
870 4893 968 4976 obodr
982 4892 1255 4961 adnumerubuntur
1268 4891 1426 4962 decanatui
1439 4893 1611 4982 Tcuarieosi
1625 4892 1802 4981 (numum).

1697 5009 1732 5073 2⁹
