4876 5940
1109 713 1382 798 -lii-

423 933 578 1024 testium.
596 931 821 1020 adminiculo
850 927 981 1016 luerint
1008 927 1184 1014 memorie
1211 925 1491 1032 commendata,
1520 941 1722 1044 eapropter
1743 956 1813 1014 nos
1840 928 2057 1018 Premislius

423 1053 495 1142 Dei
525 1053 656 1172 gracia
685 1051 761 1136 dux
788 1049 945 1164 Cujavie
972 1061 1009 1132 et
1037 1047 1219 1134 Dominus
1249 1043 1514 1152 Wladislavio,
1545 1061 1672 1133 notum
1694 1047 1851 1134 lecimus
1872 1047 2057 1136 universis

423 1185 620 1289 presentes
645 1171 787 1256 litteras
810 1167 1051 1282 inspecturis:
1082 1165 1183 1282 quod
1206 1166 1417 1252 constitutis
1448 1166 1634 1252 innostra
1662 1167 1859 1281 presencia
1887 1163 2067 1254 Ymislau-

350 1296 364 1398 ,ν’
422 1319 469 1378 ac
491 1287 648 1375 Chebda
670 1287 718 1374 de
739 1285 1077 1374 Stvroomilitibus
1099 1285 1256 1386 rmstris,
1289 1298 1326 1370 et
1345 1283 1458 1368 lratre
1482 1282 1691 1384 Gerhardo,
1713 1299 1968 1400 procuratore
1988 1314 2058 1371 scu

422 1406 569 1496 sindico
602 1406 896 1524 Religiosorum.
918 1405 1081 1494 virorum
1115 1403 1266 1488 fratrum
1302 1401 1471 1488 Bertoldi
1503 1400 1663 1488 Abbatis
1694 1417 1729 1488 et
1761 1400 1980 1500 Conventus
2010 1432 2058 1490 ac

422 1519 637 1614 monasterii
665 1523 713 1610 de
742 1529 926 1636 Bpssooio
954 1521 1096 1607 ordinis
1113 1521 1422 1638 'Cysterciensis:
1454 1519 1586 1638 prelati
1614 1517 1804 1607 Ymislaus
1833 1535 1870 1606 et
1898 1517 2057 1608 Chebda

326 1643 339 1712 ί
422 1645 590 1762 ipsorum
616 1656 664 1733 ,et
691 1645 854 1728 omnium
881 1637 1061 1726 heredum
1094 1668 1142 1724 ac
1175 1667 1441 1726 successorum
1472 1668 1623 1726 suorum
1656 1639 1823 1741 nomine,
1858 1653 1907 1724 ac
1936 1639 2056 1726 eciam

322 1790 327 1805 ·
423 1761 558 1881 quibus
580 1759 716 1877 aliquid
731 1760 828 1875 juris
851 1771 1065 1873 competere
1091 1771 1255 1872 poterat,
1287 1755 1429 1858 villam,
1461 1755 1725 1866 hereditatem,
1754 1777 1822 1842 seu
1846 1758 2057 1872 possessio·
2093 1749 2099 1760 '

346 1885 350 1892 '
422 1911 507 1966 nem
529 1909 647 1978 suam,
670 1909 742 1997 que
766 1881 960 1964 Cethreuez
979 1875 1170 1993 wlgariter
1191 1887 1435 1989 nuncupatur,
1450 1877 1643 1992 jacentem
1666 1877 1700 1960 in
1722 1875 1908 1962 territorio
1931 1873 2057 1962 Castri

432 2003 757 2110 Wirseprodensis,
789 2025 874 2081 cum
904 2006 1007 2082 sorte
1040 2024 1107 2078 seu
1141 1991 1346 2078 hereditate
1371 1992 1571 2108 adjacente
1597 1992 1748 2098 ibidem,
1780 2024 1854 2112 que
1887 1997 2055 2080 Gelitooo

422 2132 582 2204 vocatur
610 2112 685 2225 (ᾖ),
723 2115 938 2199 memoratis
974 2109 1113 2198 Abbati
1149 2123 1186 2195 et
1216 2115 1417 2196 conventui
1453 2144 1500 2199 ac
1530 2113 1758 2200 monasterio
1795 2110 2056 2214 vendiderunt,

424 2227 657 2322 tradiderunt
692 2245 728 2317 et
757 2232 1046 2346 resignaverunt
1086 2259 1154 2344 pro
1196 2245 1345 2314 eentum
1386 2233 1521 2317 marcis
1562 2228 1799 2318 denariorum
1841 2246 1877 2315 et
1910 2243 2057 2316 monete

323 2421 329 2440 .
424 2350 697 2450 lhorunensis,
722 2350 904 2452 volentes,
925 2347 1027 2464 quod
1050 2348 1145 2451 villa,
1167 2346 1368 2450 hereditas
1391 2379 1460 2436 seu
1482 2351 1679 2465 possessio
1701 2375 1747 2434 ac
1767 2377 1855 2434 sors
1878 2347 2057 2463 predicte,

425 2501 511 2558 cum
531 2468 705 2583 omnibus
718 2469 877 2584 juribus,
901 2465 1122 2566 utilitatibus,
1145 2481 1181 2552 et
1203 2468 1439 2584 pertinenciis
1461 2471 1550 2572 suis,
1573 2481 1685 2586 prout
1704 2467 1739 2554 io
1762 2467 1841 2552 suis
1862 2468 1967 2566 metis
1989 2495 2056 2552 seu

424 2585 591 2674 terminis
611 2581 998 2674 circumierencialiter
1020 2583 1192 2672 distincte
1214 2601 1317 2686 sunt,
1349 2583 1398 2672 ad
1420 2585 1542 2674 dictos
1573 2585 1778 2688 Abbatem,
1812 2583 2057 2688 Contentum,

424 2721 460 2794 et
480 2705 751 2792 lllonasteriom
780 2705 988 2820 pertineant
1009 2720 1189 2820 perpetuo
1211 2703 1322 2821 pleno
1338 2707 1444 2822 jure3
1477 2719 1513 2792 et
1541 2703 1642 2823 quod
1673 2705 1742 2821 ipsi
1770 2703 1921 2805 Abbas,
1954 2701 2055 2788 Con·

422 2841 557 2916 ventus
588 2838 628 2912 et
655 2822 944 2924 hlonasterium‚
974 2821 1097 2908 villam
1126 2855 1194 2909 seu
1224 2821 1468 2910 hereditatem
1496 2853 1544 2911 ac
1569 2839 1709 2912 sortem
1732 2823 1791 2912 vel
1812 2819 2055 2909 hereditatem

425 2942 581 3032 easdem
604 2943 690 3058 jure
718 2939 942 3026 hereditario
973 2951 1011 3026 et
1030 2941 1267 3057 proprietatis
1300 2969 1324 3026 a
1354 2940 1467 3028 modo
1495 2957 1645 3046 tenere,
1662 2939 1873 3056 ,possidere
1894 2937 2057 3026 debeant

425 3073 464 3150 et
483 3060 635 3168 habere.
680 3057 879 3177 Nobisque
900 3057 1157 3175 supplicarunt
1177 3057 1367 3147 Ymislaus
1389 3074 1426 3148 et
1446 3059 1607 3148 Chebda
1627 3061 1760 3147 milites
1782 3059 1931 3178 prelati,
1964 3084 2057 3174 qua-

425 3179 523 3268 tinus
545 3177 692 3282 Abbati,
714 3177 926 3282 conventui,
955 3205 1003 3262 ac
1022 3175 1257 3264 lllonasterio
1278 3178 1467 3296 predictis,
1489 3179 1752 3294 possessiones
1773 3191 1810 3264 et
1831 3175 2059 3263 hereditates

425 3311 670 3395 memoratas,
702 3293 945 3412 dignaremur
965 3324 1049 3382 oum
1072 3295 1170 3381 omni
1185 3293 1272 3411 jure
1301 3309 1340 3382 et
1362 3295 1622 3413 jurisdictione
1643 3296 1765 3383 ducali
1787 3295 1980 3398 conlerre,
2010 3321 2059 3380 ac

303 3407 315 3529 l
424 3417 435 3502 i
464 3445 593 3502 sorum
618 3410 876 3526 vendicionem
907 3428 1056 3532 gratam
1086 3429 1122 3500 et
1142 3431 1261 3500 ratam
1292 3415 1492 3516 habentes,
1524 3417 1707 3532 scripture
1737 3414 1945 3531 patrocinio
1967 3431 2057 3498 con·

424 3447 587 3619 dhmare.
640 3529 724 3617 Nos
744 3531 858 3649 igitur
878 3531 1084 3618 eorundem
1105 3523 1265 3620 Ymislai'
1282 3550 1317 3620 et
1341 3533 1499 3620 Chebde
1520 3531 1789 3634 vendicionem,
1817 3548 1854 3618 et
1875 3531 2059 3618 dictorum
2199 3527 2203 3538 ’

426 3647 588 3737 Abbatis
615 3663 653 3734 et
672 3664 879 3756 conventus
902 3651 1134 3762 empcionem
1156 3667 1288 3770 gratas
1310 3651 1491 3740 habentes
1519 3669 1555 3742 et
1576 3667 1697 3755 ratas,
1727 3681 1794 3738 eas
1821 3666 1950 3737 tenore
1973 3657 2061 3766 pre·'

321 3783 327 3792 '
426 3765 596 3863 saucium
623 3763 900 3858 consumamus.
951 3767 1216 3858 Concedeotes
1244 3769 1367 3858 eidem
1396 3769 1534 3858 Abbati
1564 3783 1600 3859 et
1620 3769 1819 3858 conventui
1848 3767 1896 3856 da
1924 3767 2058 3888 gracia

425 3885 602 4003 speciali,
632 3884 734 4003 quod
755 3883 876 3972 villam
898 3915 966 3972 seu
988 3886 1236 3974 hereditatem
1253 3918 1301 3974 ac
1321 3904 1461 3977 sortem
1483 3889 1693 4006 predictas,
1718 3883 1805 4006 jure
1824 3885 2058 3974 Theutnuico

425 4002 745 4122 Meydburgensi,
781 4004 840 4092 vel
867 4005 941 4092 alio
970 4033 1194 4124 quocunque
1225 4007 1353 4094 locare
1381 4009 1546 4124 possint,
1582 4005 1631 4096 ad
1660 4007 1761 4125 quod
1791 4005 2058 4092 inhabitatores

314 4173 320 4199 ι
425 4121 512 4212 ville
539 4153 607 4210 seu
636 4121 853 4212 hereditatis
877 4151 924 4210 ac
950 4123 1062 4214 sortis
1086 4125 1252 4242 ipsarum
1282 4140 1320 4212 et
1336 4123 1580 4230 hllodiorum,
1607 4125 1642 4226 si
1658 4153 1738 4243 *qua
1759 4123 1848 4210 dicti
1869 4123 2000 4212 Abbas
2021 4133 2080 4209 et'

299 4255 314 4286 ⁸
428 4237 647 4334 Conventus
677 4241 840 4360 inagris
868 4240 1073 4328 earundem
1103 4241 1270 4330 villarum
1292 4241 1517 4350 locaverint,
1549 4243 1685 4337 dictum
1698 4243 1765 4359 jos
1786 4239 2058 4333 Theutnuicum

426 4353 609 4461 habeant,
644 4373 682 4446 et
711 4358 795 4474 ipso
825 4357 1019 4476 gaudeant
1049 4375 1087 4447 et
1116 4373 1284 4467 utantur;
1322 4377 1357 4448 et
1388 4361 1489 4478 quod
1521 4364 1628 4480 ipsos
1659 4376 1789 4449 noster
1820 4358 2058 4478 provincialis

284 4565 297 4609 .·
426 4471 657 4578 advocatus,
687 4491 753 4564 aut
773 4475 876 4565 abus
896 4477 1036 4592 judex,
1065 4508 1145 4568 non
1170 4477 1309 4610 debeat
1326 4479 1518 4595 judicare,
1548 4479 1620 4575 sed
1641 4479 1782 4586 abbas,
1813 4480 1872 4568 vel
1889 4479 1954 4566 oui
1975 4479 2058 4596 ipse

468 4855 474 4869 ·
528 4770 569 4870 (¹)
596 4759 2057 4865 rrtorfflmammumnmmmnfflsmmffimmffl„

426 4855 729 4942 adparuisseuecesse
743 4867 891 4948 atquae
906 4861 1054 4926 tumeam
1071 4861 1221 4930 [uicibus
1236 4883 1297 4928 nou
1312 4863 1448 4930 occurrit
1820 4883 1822 4888 ·
2005 4863 2009 4899 ³
2053 4908 2055 4914 -
