4926 5940
1129 745 1304 820 -408
1359 785 1404 801 -

288 1003 290 1010 v
448 953 624 1046 sercione
643 949 848 1040 firmantur.
900 947 1069 1038 Proinde
1097 977 1171 1038 nos
1190 941 1444 1055 wladislaus,
1465 912 1528 1034 dei
1547 946 1679 1082 gracia
1700 895 1788 1034 Rex
1808 945 1989 1053 Polonia,
2010 977 2082 1040 nec

447 1105 524 1163 ooo
547 1087 726 1161 terrarum
750 1069 956 1174 Cruoouie,
988 1066 1247 1174 Sandomirie,
1267 1065 1446 1184 Syradic,
1474 1063 1670 1168 humore,
1703 1065 1889 1182 Cuyuuie,
1918 1063 2082 1156 Litbwu·

447 1193 583 1302 uiaque
618 1189 797 1306 princeps
826 1215 1043 1306 supremus,
1084 1185 1333 1291 Pomeranio,
1361 1184 1580 1303 Russieque
1609 1183 1782 1272 dominus
1809 1199 1848 1271 et
1866 1185 2000 1293 bores,
2031 1185 2082 1274 si·

447 1307 673 1431 gnificamus
693 1319 826 1394 tenore
847 1305 1082 1423 presencium
1100 1303 1235 1426 quibus
1250 1301 1401 1420 expedit
1415 1303 1611 1410 universis,
1632 1302 1872 1422 presentibus
1888 1316 1925 1392 et
1939 1301 2081 1410 futuris,

446 1427 686 1548 presencium
716 1425 891 1512 noticiam
913 1423 1109 1510 habituris:
1148 1419 1357 1538 Quomodo
1385 1422 1556 1510 volentes
1577 1417 1661 1508 lo'ca
1681 1397 1798 1512 vasta’
1812 1419 1942 1540 Regni
1963 1424 2081 1512 nostri

388 1577 390 1585 ’
448 1561 487 1636 ot
511 1543 665 1632 deserta
695 1543 882 1630 bominum
910 1541 1115 1661 adimplere
1145 1541 1361 1659 presencia,
1391 1540 1428 1626 in
1455 1539 1550 1626 silua
1575 1554 1711 1658 nostro
1739 1543 1901 1627 Drzewc
1927 1537 2081 1659 opidum

449 1660 585 1754 eodem
612 1665 763 1751 nomine
793 1668 953 1749 Drzewc
981 1657 1295 1778 nunccupandum
1324 1657 1407 1770 (sic)
1428 1655 1556 1746 locare
1576 1670 1615 1743 et
1634 1652 1685 1744 de
1705 1687 1823 1746 nowo
1841 1659 1894 1744 eri
1925 1687 1991 1745 ere
2011 1657 2082 1746 de-

449 1783 643 1871 creuinnus
658 1777 733 1893 (²),
755 1795 792 1868 et
811 1779 1049 1868 locamusac
1068 1792 1202 1865 tenore
1223 1777 1460 1894 presencium
1475 1775 1674 1896 emigimus
1689 1777 1783 1888 (sict
1804 1687 1925 1890 Quod
1934 1777 2021 1893 jure
2041 1790 2082 1863 et

449 1899 645 2018 priuilegio
666 1899 821 1988 aliarum
843 1899 1029 1986 ciuitatum
1050 1913 1262 1986 nostrarum
1282 1909 1322 1982 et
1340 1894 1566 2014 opidorum,
1579 1893 1614 1980 in
1635 1907 1735 1982 terra
1756 1895 1971 1984 lanciciensi
1990 1896 2081 1983 sito-

449 2047 544 2118 rum,
563 2019 853 2126 communimus,
875 2015 999 2104 omnia
1016 2017 1123 2134 jura,
1154 2011 1291 2102 modos
1312 2025 1350 2100 et
1370 2011 1679 2102 consuetudines
1698 2013 1781 2126 (sic)
1802 2014 1839 2100 in
1859 2015 1946 2131 ipso
1966 2012 2082 2132 opido

450 2136 677 2256 polonioalia
699 2137 936 2239 innouautes,
968 2165 1041 2251 que
1055 2133 1121 2250 jus
1142 2132 1390 2220 theutonicum
1412 2132 1632 2250 plerumque
1660 2127 1881 2250 perturbare
1902 2161 2081 2220 consuo·

450 2269 602 2361 uerunt,
627 2254 692 2370 jus
713 2255 749 2338 in
770 2281 815 2338 ca
837 2254 919 2363 (sie)
940 2249 1192 2339 theutunicutn
1212 2249 1511 2367 Maydburieosc
1531 2279 1678 2337 exnunc
1697 2262 1736 2335 et
1756 2259 1940 2366 perpetuo
1962 2263 2083 2338 statu·

452 2387 571 2460 entes.
620 2368 827 2462 Eximimus
854 2383 978 2458 autem
1006 2397 1138 2458 omnes
1159 2369 1279 2474 ciues,
1311 2367 1500 2486 opidanos
1520 2383 1559 2456 et
1578 2367 1722 2456 incolas
1742 2367 1878 2483 ipsius,
1908 2366 1960 2454 ab
1980 2371 2083 2456 omui

399 2553 404 2568 .
446 2487 694 2609 jurisdicione
715 2503 752 2575 et
772 2499 958 2605 potestate
987 2489 1149 2575 omnium
1178 2486 1308 2604 Regni
1336 2488 1455 2574 nostri
1476 2486 1747 2604 palatinorum,
1778 2486 2082 2602 castellanorum,

452 2607 751 2724 capitaneorum,
777 2605 966 2723 judicum,
998 2605 1254 2720 subiudicum,
1284 2619 1322 2691 et
1349 2605 1658 2722 ministerialium,
1689 2619 1978 2724 ceterorumque
1997 2605 2082 2692 olli·

452 2726 599 2815 oialium
621 2728 809 2845 ipsorum,
830 2739 871 2812 ut
891 2753 1020 2812 coram
1042 2725 1152 2844 ipsis,
1171 2737 1236 2810 aut
1256 2727 1425 2840 ipsorum
1444 2723 1571 2844 aliquo
1590 2751 1663 2842 pro
1683 2723 1810 2812 causis
1830 2737 1905 2810 tam
1920 2721 2081 2842 maguis,
2113 2784 2117 2793 -

452 2875 566 2962 quam
588 2844 743 2964 parwis,
763 2857 868 2980 puto:
889 2843 991 2948 lurti,
1018 2837 1371 2958 mutilaoionis,‘s'eu
1387 2843 1586 2960 quibusuis
1605 2837 1925 2960 alijsenormibus
1945 2867 2081 2930 exces-

453 2964 558 3051 sibus
579 2963 695 3068 citati,
726 2963 875 3050 minime
900 2959 1200 3080 respondebunt,
1230 2989 1304 3048 neo
1333 2959 1480 3080 aliquas
1509 2989 1631 3078 penas
1660 2961 1814 3074 soluere
1848 2959 2080 3076 tenebuntur.

454 3079 534 3169 Sed
556 3082 660 3170 ciues
680 3081 837 3168 ciuitatis
857 3109 926 3168 seu
948 3079 1050 3199 opidi
1078 3081 1273 3168 memorati
1304 3108 1433 3167 coram
1465 3079 1657 3168 aduocato
1677 3107 1768 3188 suo,
1799 3105 1967 3166 necnon
1988 3107 2081 3166 con·

453 3199 597 3289 solibus
618 3213 656 3288 et
668 3199 823 3318 juratis,
845 3199 907 3318 qui
928 3229 998 3317 pro
1020 3213 1189 3316 tempore
1208 3199 1358 3286 fuerint:
1379 3197 1591 3289 advocatus
1611 3227 1704 3285 vero
1725 3225 1856 3284 coram
1877 3195 2000 3304 nobis,
2021 3195 2082 3284 uel

447 3316 578 3435 judice
612 3333 744 3406 nostro
777 3319 964 3454 generali,
995 3316 1084 3405 dum
1119 3329 1245 3406 lamen
1276 3347 1346 3436 per
1365 3329 1532 3405 nostram
1553 3316 1698 3404 literam
1727 3315 1853 3435 sigillo
1878 3330 2011 3405 nostro
2031 3316 2083 3404 si·

453 3435 640 3558 gillatam,
671 3435 732 3522 uel
762 3434 930 3525 eiusdem
961 3434 1098 3555 judicis
1128 3436 1275 3541 nostri,
1310 3449 1493 3524 euocatus
1513 3435 1622 3523 luerit
1651 3447 1690 3522 et
1709 3434 1864 3539 citatus,
1898 3447 1937 3522 et
1954 3431 2030 3521 boc
2049 3435 2083 3522 si

454 3557 491 3642 iu
512 3553 709 3642 reddenda
744 3554 890 3642 iusticia
924 3555 1126 3674 negligens
1160 3555 1270 3644 luerit
1304 3555 1565 3660 cerenicus,
1601 3567 1690 3642 tuuc
1716 3582 1793 3642 uon
1814 3553 1940 3659 aliter,
1970 3577 2084 3664 quam

455 3701 527 3757 suo
541 3674 629 3788 jure
650 3671 862 3759 theutonico
893 3671 942 3759 de
971 3705 1015 3762 se
1035 3669 1314 3784 querulantibus
1343 3671 1577 3788 respondere
1606 3673 1654 3760 sit
1679 3671 1866 3760 astrictus.
1918 3667 1962 3758 ln
1992 3697 2083 3784 oap-

455 3790 510 3880 sis
543 3804 669 3877 autem
705 3789 956 3880 criminalibus
990 3807 1028 3879 et
1047 3789 1269 3908 capitalibus
1304 3790 1479 3908 superius
1499 3792 1749 3910 expressatis
1775 3785 1965 3878 aduocato
1987 3790 2084 3878 eius·

455 3906 541 3995 dem
563 3907 723 3996 ciuitatis
758 3905 819 3992 uel
849 3907 971 4025 opidi,
1002 3909 1064 4020 qui
1085 3920 1349 4026 protempore
1368 3906 1497 4012 luerit,
1527 3910 1564 3997 in
1584 3909 1693 3998 metis
1714 3921 1752 3996 et
1819 3907 1950 4024 anicijs
1979 3907 2082 3994 eius·

455 4024 540 4114 dem
573 4023 780 4133 udicandi,
810 4025 1090 4133 sentenciandi,
1121 4024 1357 4147 corrigendi,
1382 4025 1587 4147 lpunicndi,
1611 4025 1765 4146 plecteu
1791 4026 1802 4112 i
1832 4038 1870 4114 ct
1900 4023 2083 4114 condem·

455 4059 595 4264 poandi
636 4143 785 4263 plenam
824 4144 977 4250 damus,
1019 4158 1071 4238 etx
1095 4144 1348 4235 omnimodam
1389 4157 1521 4264 tenore
1560 4145 1798 4261 presencium
1839 4143 2084 4233 concedimus

454 4262 688 4368 facultatem,
718 4277 830 4384 prout
858 4264 1081 4382 hoc-ipsum
1105 4265 1170 4384 jus
1198 4265 1447 4380 theutonicum
1470 4266 1505 4354 io
1526 4264 1699 4352 omnibus
1719 4265 1799 4353 suis
1819 4263 1987 4381 punctis,
2021 4289 2084 4348 ar-

455 4381 595 4488 ticulis,
627 4383 860 4499 sentenciis„
879 4383 1165 4494 condicionibus
1202 4395 1239 4472 et
1273 4382 1451 4472 clausulis
1494 4381 1660 4502 postulat
1688 4393 1727 4472 et
1760 4381 1933 4503 requirit:
1982 4379 2085 4468 luri-

456 4497 528 4586 bus
548 4515 672 4588 amen
685 4503 833 4628 ,nostris
853 4503 1047 4634 regalibus
1068 4504 1104 4590 io
1125 4503 1297 4590 omnibus
1317 4533 1469 4620 semper
1488 4501 1613 4590 saluis.
1670 4499 1713 4589 lo
1734 4527 1811 4616 quo
1832 4498 1983 4619 quidem
2004 4499 2087 4618 opi·

462 4839 467 4848 ·
557 4797 601 4883 (²)
628 4798 783 4885 Oppidum
800 4802 891 4871 bocco
904 4811 1007 4870 utrum
1022 4823 1126 4870 revera
1142 4805 1284 4870 existeret
1305 4824 1428 4882 necne,
1443 4805 1593 4872 nonsatis
1608 4802 1694 4872 nobis
1709 4811 1839 4886 coustat3
1861 4801 1955 4871 bodie
1965 4809 2087 4870 estun·

456 4891 521 4953 tum
535 4883 604 4952 uilla
616 4883 764 4954 Draence
777 4888 808 4954 iu
823 4889 973 4955 territorio
987 4895 1019 4954 et
1031 4890 1158 4974 regione
1171 4888 1357 4956 Luociciensi
1371 4889 1436 4956 site.
