4878 5942
1033 731 1303 808 -ost-

365 967 459 1032 vero
488 935 694 1026 Hubis'laus
725 934 913 1024 dominum
943 936 1159 1056 episcopum
1186 937 1258 1024 iam
1288 933 1426 1023 dictum
1469 931 1657 1054 inpetebat
1701 963 1829 1024 coram
1861 935 1971 1031 nobit

365 1055 614 1176 querulando,
641 1085 819 1144 asserens
848 1053 1076 1142 iamdictam
1106 1067 1250 1175 portem
1270 1053 1487 1144 hereditatis
1516 1085 1623 1143 suum
1644 1056 1970 1174 verumpalrimo-

366 1177 463 1264 nium
485 1205 582 1280 esse,
626 1173 700 1262 uod
716 1175 834 1262 eciarn
851 1174 961 1274 vellet
977 1173 1132 1265 testibus
1147 1175 1342 1262 autenticis
1362 1171 1589 1292 approbare.
1612 1173 1760 1288 Quibus
1776 1175 1970 1296 conscrip
2054 1149 2067 1281 l

366 1291 413 1382 tis
433 1307 565 1382 eontra
599 1206 787 1383 llomioum
822 1293 1039 1412 episcopum
1060 1289 1266 1411 predictum
1288 1305 1325 1378 et
1345 1321 1452 1380 suum
1474 1293 1687 1411 capitulum,
1713 1293 1860 1380 minime
1881 1322 1970 1410 pro-

365 1413 486 1519 bauit,
513 1441 584 1504 neo
614 1411 832 1501 intermino
861 1409 931 1500 sibi
961 1411 1210 1531 peremptorio
1241 1410 1325 1523 (sio)
1354 1409 1513 1530 prebxo'
1527 1441 1612 1500 oum
1637 1409 1778 1499 eisdem
1804 1411 1972 1522 testibus,

341 1561 440 1620 -uon
460 1531 683 1650 comperuit,
710 1559 783 1618 nec
803 1560 938 1650 parere
958 1530 1123 1632 curauit,
1151 1558 1224 1618 nec
1241 1529 1438 1618 accionem
1459 1546 1605 1650 ceptam
1625 1529 1858 1649 approbarit
1888 1527 1972 1618 Nos

363 1679 456 1742 vero
478 1650 603 1740 habito
624 1647 779 1739 consilio
799 1651 950 1738 lratrum
971 1663 1195 1758 nostrorum,
1212 1662 1248 1736 et
1263 1678 1500 1738 assessorum
1515 1649 1648 1736 iudicio
1675 1643 1844 1767 predicto
1880 1649 1972 1762 (sic),

364 1767 514 1874 salubri,
530 1769 887 1889 predictomportem
909 1767 1123 1855 hereditatis
1144 1767 1180 1854 in
1204 1771 1483 1855 Osznirzczeno
1505 1768 1586 1881 (sic)
1607 1765 1757 1856 domino
1792 1769 1972 1887 episcopo

365 1887 526 1975 ecclesie
546 1887 714 2005 predicte
734 1899 770 1972 et
791 1887 869 1974 suis
888 1885 1176 1976 successoribus
1202 1885 1427 1973 tercioleria
1448 1887 1617 2004 proxima
1647 1901 1732 2006 post
1752 1883 1971 1974 dominicam

364 2003 500 2094 Latere
521 2007 600 2093 iuro
620 2002 842 2093 hereditario
863 2035 930 2092 seu
951 2020 1132 2124 perpetuo
1161 2002 1456 2092 adiudioauimus
1492 2003 1689 2094 tenendam
1711 2033 1757 2091 nc
1778 2003 1973 2124 possiden-

364 2123 472 2230 dam,
501 2123 685 2212 Hubisloo
714 2123 909 2242 sepedicto
939 2137 977 2210 et
996 2126 1075 2212 suis
1095 2124 1258 2243 posteris
1284 2121 1474 2212 silenoium
1496 2139 1713 2244 perpetuum
1742 2123 1973 2242 inponentes,

364 2256 404 2330 ut
424 2241 471 2332 de
492 2257 619 2332 cetero
640 2241 775 2330 nullam
796 2273 910 2361 super
930 2242 1088 2332 eandem
1135 2243 1309 2332 artem'et
1327 2244 1406 2330 suis
1441 2245 1602 2362 posteris
1628 2273 1787 2330 mouere
1811 2241 1973 2332 debeant
2144 2343 2148 2356 ,

363 2362 569 2450 accionem.
601 2359 649 2454 Et
668 2394 716 2450 uo
736 2391 849 2480 super
869 2359 944 2448 boo
963 2361 1072 2450 alicui
1093 2271 1242 2448 llrbium
1264 2361 1422 2467 oriatur,
1443 2376 1639 2480 presentes
1659 2361 1799 2449 litteras
1819 2361 1973 2451 lecimus
2041 2407 2042 2414 Ν

363 2479 487 2602 sigillo
507 2495 637 2570 nostro
657 2481 841 2569 roborari.
880 2478 1017 2566 Datum
1037 2481 1074 2567 in
1092 2486 1222 2580 Brert,
1243 2501 1344 2566 anno
1365 2478 1502 2566 donini
1522 2480 1719 2567 millesimo
1740 2479 1856 2567 CCC’
1878 2507 1972 2598 qua-

362 2598 582 2720 dragesimo
601 2627 713 2689 nono.
735 2595 980 2686 Presootibus
999 2595 1279 2687 honorabilibus
1300 2597 1387 2684 viris
1408 2597 1623 2686 baronibus:
1643 2595 1794 2686 domino
1817 2597 1974 2688 Clrebtlo

363 2717 579 2822 castellano,
600 2715 854 2838 Protpellrono
872 2716 985 2804 [rotro
1000 2714 1540 2835 subpinceroa,brestensibus3
1557 2714 1748 2804 Dobeslao
1768 2715 1973 2809 castelbuo
2055 2671 2082 2832 ,l

363 2832 587 2944 coraliensi,
607 2835 854 2956 Sandywoyo
886 2834 1082 2924 subindice
1115 2834 1318 2939 bresteosi,
1352 2829 1538 2922 Nemerza
1573 2833 1621 2922 de
1653 2839 1973 2944 Przrbecwm'rm,
2054 2836 2059 2849 '

362 2953 611 3048 Virzoboslao
631 2956 748 3046 eoiaur
769 2953 819 3042 de
838 2959 1145 3044 lbziueczcrzino
1167 2949 1239 3065 (³),
1267 2967 1305 3042 et
1323 2951 1405 3072 alijs
1426 2983 1537 3074 quam
1556 2951 1721 3074 plurimis
1740 2951 1815 3042 fido
1834 2953 1971 3076 dignis.

464 3227 503 3311 l³l
545 3184 812 3316 Przpioicczrrrpn
824 3227 893 3296 villo
905 3225 1048 3296 territorii
1062 3222 1259 3313 cotoniensis,
1271 3221 1402 3310 regionis
1414 3222 1674 3312 Radriojoriensis
1841 3315 1846 3333 ‚
1859 3267 1862 3280 .

929 3707 932 3716 y
1012 3543 1345 3674 contiuuo.¹
1749 3701 1753 3710 μ

364 3787 435 3872 ln
452 3785 664 3890 oppido
680 3784 1072 3902 morarentur,
1089 3803 1244 3872 anno
1260 3780 1411 3872 1³49
1431 3783 1483 3870 ct.
1499 3781 1569 3868 15
1586 3787 1728 3872 men.
1752 3781 1970 3887 Annum.

384 3959 694 4062 wimannus
714 3985 927 4074 tanturm·
943 3989 977 4064 n
990 3986 1279 4164 ⁰⁰⁶¹⁵¹¹⁰¹¹⁸,¹,⁸„l¹¹
1293 3985 1405 4082 epm
1418 3985 1573 4082 unnosn
1586 3983 1779 4060 cuonem
1792 3981 1952 4060 monn

1104 4107 1141 4164 ω
2027 4113 2030 4122 .

372 4349 375 4365 ·
420 4329 616 4399 Goworaccii.
631 4328 828 4417 „Przym'lcje
841 4331 856 4396 ι’
864 4341 882 4396 t.
896 4329 925 4395 d.
939 4330 1059 4394 namne
1071 4330 1210 4395 minutam
1231 4320 1452 4412 Wop'ctoodztwo
1477 4325 1652 4412 Poenino
1674 4345 1703 4412 p.
1721 4321 1790 4392 108»
1803 4321 1856 4394 ll'·
1879 4323 1971 4402 xm
