4984 5930
1130 735 1380 816 ..30-

440 955 566 1062 potest
594 969 711 1048 nunc,
742 952 780 1027 et
806 940 843 1026 in
863 952 1079 1056 posterum,
1111 937 1224 1025 modo
1251 939 1377 1058 aliquo
1406 938 1617 1057 prouenire.
1669 937 1725 1025 lta
1745 937 1895 1056 inquam
1915 941 2066 1041 contuli,

440 1059 543 1180 quod
574 1057 683 1146 nichil
712 1056 822 1144 michi
846 1058 942 1174 juris
973 1058 1010 1144 in
1038 1085 1084 1142 ea
1111 1057 1260 1166 retinui,
1290 1055 1361 1146 sed
1387 1086 1458 1142 nec
1488 1056 1580 1142 meis
1611 1053 1812 1143 heredibus
1826 1059 1892 1174 jus
1911 1057 2066 1178 aliquod

440 1177 676 1294 conseruauj.
730 1172 904 1262 Liberum
940 1175 1054 1294 igitur
1088 1187 1147 1262 est
1179 1173 1314 1262 eterit
1346 1173 1493 1262 cuilibet
1525 1172 1733 1290 Epyscopo
1770 1173 1944 1282 Cuiauic,
1985 1207 2065 1264 mu·

440 1296 625 1384 nicionem
664 1307 797 1380 contra
837 1290 968 1382 hostes
1013 1293 1049 1380 in
1085 1291 1252 1412 quolibet
1289 1292 1377 1380 loco
1417 1290 1515 1379 dicte
1555 1290 1791 1380 castellatura
1832 1307 2066 1400 construere,
2138 1349 2139 1353 κ

439 1443 526 1501 meo
556 1411 617 1500 vel
646 1407 827 1498 heredum
857 1437 1022 1495 meorum
1055 1437 1244 1496 consensu
1276 1410 1423 1494 minime
1453 1409 1644 1526 requisito.
1695 1407 1774 1495 Pro
1805 1441 1848 1497 se
1877 1423 2003 1499 tamen
2029 1428 2068 1500 et

440 1531 519 1618 suis
549 1526 839 1662 successoribus
868 1525 1085 1662 sepedictus
1112 1527 1280 1643 promisit
1311 1525 1562 1644 Epyscopus‚
1594 1524 1697 1645 quod
1712 1555 1797 1660 pro
1817 1540 1917 1662 terre
1937 1528 2067 1622 deleo·

438 1643 1434 1880 tlthltllllhlllltlllalhll
1467 1643 2066 1879 lllhlttlhl'lllnll

438 1883 588 1971 Dictum
617 1881 731 1999 igitur
761 1879 1046 1988 Castelleniam,
1078 1909 1162 1966 oum
1190 1877 1301 1997 pleno
1323 1879 1410 1995 jure
1443 1877 1748 1967 Wlatlizlauiensi
1778 1878 1972 1989 Ecclesia,
2004 1881 2067 1970 tali

437 1999 612 2088 videlicet
631 1997 770 2085 contuli
790 1997 961 2104 racione,
991 2011 1031 2084 ut
1049 1995 1193 2116 reliqua
1220 2025 1311 2114 pars
1331 2011 1429 2084 terre
1452 2025 1556 2101 mee,
1587 2025 1700 2115 quam
1721 1995 1871 2086 duobus
1889 1999 2066 2088 iratribus

438 2119 534 2206 mais
559 2114 821 2239 Spantopolco
841 2115 923 2226 (sic)
952 2115 1095 2202 scilicet
1114 2131 1153 2203 et
1170 2113 1368 2202 Ratiborio
1388 2113 1620 2219 sinentibus,
1650 2114 1686 2201 in
1706 2119 1936 2202 Pomorerre'u
1956 2117 2066 2206 here·

439 2233 576 2322 ditatio
602 2235 688 2350 jure
720 2231 922 2348 possideo,
953 2231 1070 2319 libera
1101 2233 1148 2320 sit
1182 2233 1490 2352 inperpetuum,
1525 2232 1817 2350 aprestacione
1847 2230 2066 2351 predialium

438 2351 667 2439 decimarum
697 2349 904 2468 Epyscopo
943 2348 1118 2438 videlicet
1147 2347 1467 2438 Wladizlauiensi.
1526 2349 1659 2464 Quam
1683 2349 1890 2440 libertatem
1920 2351 1972 2440 ita
2001 2383 2066 2441 su·

438 2467 634 2588 pradictus
652 2467 870 2585 Episcopus
893 2497 978 2554 curn
999 2497 1189 2556 consensu
1209 2470 1267 2556 sui
1287 2467 1517 2556 condonauit
1536 2467 1703 2586 capituli,
1734 2483 1783 2576 ut,
1804 2470 1838 2558 si
1857 2468 2066 2559 Wladizla·

437 2587 580 2676 aiensis
599 2585 774 2692 eeclesia,
798 2615 867 2720 per
885 2615 946 2671 me
966 2585 1026 2672 vel
1045 2617 1116 2704 per
1135 2617 1242 2676 meos
1262 2615 1523 2691 successoros,
1542 2587 1776 2705 aliquatenus
1795 2587 1833 2675 in
1852 2617 1947 2708 sepe
1966 2585 2066 2678 dicta

436 2702 587 2794 ledetur
612 2703 857 2809 Castellanra,
889 2718 1094 2791 memorate
1115 2703 1262 2795 decimo
1281 2706 1318 2794 in
1339 2703 1669 2796 Wladizlauiensis
1687 2703 1881 2824 Epyscopi
1902 2719 2066 2824 potesta-

282 2887 287 2900 .
437 2837 530 2927 tem,
561 2822 726 2939 plenarie
755 2831 1008 2910 reuertentur:
1039 2823 1257 2912 castellania
1278 2853 1364 2910 curn
1384 2824 1463 2911 suis
1483 2824 1721 2942 pertinenciis
1741 2838 1778 2912 at
1797 2825 2009 2914 utilitatibus
2028 2825 2065 2912 in

436 2937 612 3029 Ecclesie
640 2941 887 3056 possessione
918 2941 1177 3030 nichilominus
1205 2955 1459 3060 permanente.
1509 2941 1645 3028 [lanum
1666 2943 1702 3029 in
1725 2949 1875 3030 Tlorun
1894 2973 1996 3032 anuo
2015 2943 2065 3031 ah

437 3057 695 3150 incarnatione
730 3057 868 3144 domini
902 3055 1099 3148 millesimo
1133 3057 1391 3148 ducentesimo
1426 3057 1724 3178 quadragesimo
1757 3062 1889 3180 primo.
1952 3059 2065 3149 Nono

438 3172 634 3264 Kalendas
659 3173 806 3298 Marcij.

1176 3491 1333 3610 XXXI.

612 3749 758 3845 'Sine
782 3759 934 3859 mco,
961 3779 1117 3845 aromo
1141 3759 1295 3849 1242
1319 3763 1413 3848 rite
1437 3761 1474 3844 5
1499 3763 1701 3848 maneta
1725 3766 1882 3874 Muti.

483 3955 834 4036 naleelansau
848 3959 1058 4034 mlonhice
1072 3962 1214 4036 lochos
1227 3965 1410 4054 Romarm
1424 3981 1445 4038 a
1458 3962 1575 4038 huone
1589 3965 2014 4046 eeulomollatlrlarimta

570 4085 573 4092 ⁴
808 4061 996 4156 cinnum,
1010 4061 1111 4138 aileu
1125 4063 1278 4140 seleuce
1291 4064 1449 4140 vulterre
1462 4065 1632 4142 reectum
1646 4069 1695 4155 (¹).

535 4281 579 4372 ln
598 4286 750 4372 nomine
769 4283 919 4394 domini,
939 4316 1060 4376 amen.
1099 4284 1160 4376 Ne
1179 4289 1343 4410 negocia
1361 4289 1618 4408 temporalium
1640 4294 1827 4382 actionum
1848 4294 1956 4382 simul
1976 4323 2061 4382 oum

435 4417 604 4520 tempore
625 4399 809 4510 defluent,
837 4419 875 4492 et
894 4405 932 4494 in
950 4405 1038 4494 aluo
1058 4405 1255 4496 ohliuionis
1274 4407 1559 4529 demergantur,
1589 4408 1741 4529 expedit
1772 4441 1818 4500 ea
1849 4411 1996 4502 testium
2025 4428 2063 4502 ct

307 4611 319 4632 ‚
433 4519 554 4610 littere
584 4517 797 4610 fulcimento
832 4521 1013 4640 perhenni
1047 4527 1228 4614 memorie
1261 4526 1463 4615 inculcare.
1514 4525 1604 4650 Ego
1639 4527 1822 4646 siquidem
1857 4527 2063 4622 Bolezlaus

535 4769 577 4856 (¹)
603 4769 651 4840 Ex
671 4769 833 4858 archetypo
853 4772 1083 4842 memlrransceo
1104 4773 1297 4842 inlahulario
1310 4775 1432 4862 capituli
1447 4773 1688 4848 Vladislariemie
1702 4787 1856 4850 mutuam
1870 4779 2061 4870 desmipmm

432 4853 572 4942 Sigillum
586 4854 720 4926 anniculo
733 4855 831 4924 serico
843 4855 951 4925 coloris
963 4857 1048 4927 nabri
1062 4879 1229 4947 appensum
1243 4861 1363 4948 penitru
1376 4859 1568 4930 tesaurum
