4926 5940
1080 759 1353 834 -ddbm

407 996 542 1058 conum
576 963 958 1070 Warscbouiensem,
982 963 1247 1054 xbenedictum
1284 961 1493 1052 Officiaiem
1531 978 1570 1051 et
1601 962 1801 1052 Nicolaum
1837 964 2023 1085 Bronissij

407 1085 626 1174 Canonicos
660 1085 928 1190 Gnennenses,
960 1099 1148 1204 tamquam
1185 1086 1236 1169 in'
1256 1083 1447 1186 arbitros,
1472 1081 1716 1173 arbitratores
1752 1097 1798 1170 ct
1817 1081 2035 1178 amicabiies

405 1207 699 1322 compositores,
727 1232 776 1289 ao
795 1213 1014 1290 communes
1034 1202 1197 1306 amicos,
1219 1200 1353 1288 dantes
1375 1214 1412 1287 et
1432 1199 1857 1296 concedentes-eisdem
1876 1203 2035 1296 dominis

403 1322 554 1440 pienum
575 1322 790 1426 mandatum
811 1351 861 1407 ac
883 1320 1134 1408 omnimodam
1163 1320 1377 1407 {acuitatem
1407 1331 1525 1438 super
1557 1318 1933 1434 predictisde'cimis,
1962 1354 2035 1412 nec

403 1444 480 1526 ncn'
503 1437 691 1558 perceptis
708 1452 750 1525 et
770 1437 1290 1556 ετρεττείεζρτοριτττἐ”εἰεττάἰςρ
1305 1437 1524 1550 arbitrandi,
1546 1435 1779 1540 diffiniendi,
1792 1463 2034 1556 cognoscen-

403 1555 442 1644 di
472 1587 519 1645 ue
539 1559 588 1646 dc
607 1559 687 1644 aito
705 1572 744 1643 ct
762 1555 899 1662 basso,
931 1559 979 1644 ac
1000 1555 1215 1672 simpliciter
1236 1571 1273 1642 ct
1293 1555 1344 1641 de
1363 1556 1477 1672 piano
1498 1555 1648 1673 absquo
1672 1551 1830 1671 ⁴strepitu
1845 1571 1889 1644 'et
1908 1555 2035 1676 figura

397 1589 561 1793 judiciis
577 1674 1444 1794 cuditistbincindaparciumpr'dpbsicibnibos
1471 1689 1508 1761 ct
1528 1675 1730 1790 responsis*
1742 1673 1977 1790 procedendi
1998 1694 2036 1765 et

402 1793 687 1913 cognoscendi,
718 1793 1021 1912 sentenciamqua
1036 1791 1419 1914 ·arbitraiem,standc
1440 1789 1704 1896 ucisedcndo,
1730 1791 1790 1890 die
1810 1793 1942 1888 iermta
1974 1795 2034 1883 uei

403 1941 477 1998 non
500 1913 650 2010 feriata,
674 1911 771 2030 juris
790 1911 956 1999 tc'rniinis'
977 1912 1157 2019 seruatis,
1187 1909 1345 1998 ueiznon
1363 1913 1545 2000 ¹seruatis:
1572 1911 1718 1999 vocatis
1739 1923 1863 2006 tamon
1887 1913 1936 2000 ad
1958 1911 2033 2002 boc

402 2029 587 2148 partibus,
617 2030 785 2146 ipsisque
815 2030 1141 2147 comparcoiibus,
1171 2029 1231 2115 uei
1262 2058 1338 2117 non
1360 2021 1680 2148 comparentibus,
1711 2027 1830 2116 eciam
1862 2031 1894 2116 si
1914 2030 2034 2120 altera

401 2147 492 2265 pars
511 2175 582 2265 ρετ
600 2149 873 2238 contumaciam
895 2181 939 2236 sa
956 2148 1156 2236 absentata
1183 2145 1415 2266 proferendi,
1446 2145 1697 2264 promittendo
1713 2146 1901 2236 'hincinde
1921 2164 2035 2256 stare,

402 2293 539 2384 parere
572 2271 610 2351 ct
628 2265 781 2354 firmiter
809 2265 966 2354 obedire
990 2267 1194 2371 sentencie,
1226 2266 1557 2381 pronuncciacioni
1585 2262 2033 2364 dicturum-'dominorum

401 2411 470 2470 seu
492 2383 644 2470 alterius
675 2382 901 2484 eorundem,
932 2397 969 2468 et
990 2383 1090 2467 nuiic
1118 2409 1296 2498 umquam
1325 2393 1512 2497 tempore,
1533 2383 1632 2468 facto
1654 2381 1714 2466 uei
1735 2381 1864 2486 verbo,
1894 2383 2035 2474 directo

402 2501 462 2588 uei
482 2495 679 2604 indirecte,
700 2527 768 2617 ρετ
787 2495 832 2582 s'e
853 2497 912 2581 uei
934 2497 1132 2614 paralium
1151 2499 1425 2598 contraconirc,
1446 2527 1518 2581 nec
1539 2497 1850 2610 compromissum
1873 2529 2034 2614 presens

401 2647 608 2722 reuocare3
639 2615 987 2726 renunociontes'in
1007 2611 1201 2731 premissis
1225 2611 1399 2699 omnibus
1417 2624 1457 2698 ct
1477 2611 1636 2730 singulis
1658 2614 1962 2728 excepcionibus,
1985 2619 2034 2708 de

395 2737 483 2852 jure
502 2735 563 2822 uei
584 2733 632 2820 de
652 2725 754 2822 iacto
774 2731 866 2850 ipsis
886 2729 1201 2848 o'ompc'ttentibus
1221 2729 1324 2842 (sic),
1345 2759 1515 2818 necnon
1535 2728 1856 2848 appellaoionibus
1878 2733 2033 2850 quibus·

402 2883 563 2970 cumque
583 2851 644 2938 uel
666 2850 927 2971 petticionrbus
949 2849 1032 2963 (sic)
1060 2877 1175 2967 super
1203 2848 1481 2938 restituciooem
1506 2849 1542 2936 in
1563 2851 1760 2966 integrum,
1781 2863 1818 2936 et
1837 2848 1921 2968 aiijs
1935 2853 2032 2970 juris

399 2971 594 3088 remedijs,
627 3001 789 3090 perque
809 2971 1012 3060 sentencia,
1032 2966 1380 3085 pronuncciaoioni,
1396 2965 1579 3054 'mandato
1608 2981 1645 3053 et
1664 2966 1931 3058 arbitramaato
1953 2969 2033 3062 dio·

402 3102 526 3177 torum
546 3088 778 3176 dominorum
800 3090 1041 3191 arbitrorum,
1063 3117 1130 3176 seu
1151 3086 1258 3175 alteri
1278 3089 1462 3203 ipsorum,
1483 3097 1616 3202 posset
1635 3085 1670 3170 in
1692 3083 1819 3202 aliquo
1841 3086 2032 3204 derogari,

401 3224 439 3296 et
460 3207 673 3326 specialiter
692 3209 862 3296 recursui
883 3205 1058 3294 babendo
1079 3205 1129 3293 ad
1150 3205 1338 3292 arbitrium
1360 3204 1449 3292 boni
1470 3204 1549 3293 uiri.
1600 3202 1680 3290 Pro
1702 3205 1836 3320 quibus
1857 3205 2031 3294 omnibus

401 3339 440 3412 et
458 3327 618 3446 singuiis
640 3326 713 3431 sic,
736 3341 776 3412 ut
795 3327 996 3444 prefertur,
1024 3353 1094 3443 ρετ
1114 3325 1221 3442 ipsos
1243 3320 1413 3411 tenendis
1433 3335 1471 3408 ct
1491 3320 1750 3409 inviolabiliter
1770 3321 2031 3430 obseruandis,

401 3444 649 3562 dictcpartes
670 3445 859 3533 eteorum
880 3443 963 3556 (sic)
992 3443 1155 3561 quelibet
1174 3440 1363 3529 videiic'etz
1383 3438 1554 3528 dacobos
1581 3439 1618 3524 in
1637 3445 1781 3528 Scdlnc
1804 3469 1851 3528 cx
1871 3461 1962 3544 una,
1986 3455 2031 3528 ‘et

401 3559 590 3653 Henricus
611 3562 646 3648 in
667 3559 939 3649 Brom'scde'roo'
954 3560 1119 3680 piebuni,
1141 3560 1311 3679 partibus
1331 3587 1380 3644 err
1401 3557 1538 3662 altero,
1560 3557 1632 3644 sub
1653 3585 1754 3675 pena
1775 3589 1842 3676 per
1864 3560 2031 3676 prefatos

400 3677 574 3769 dominos
595 3681 760 3790 arbitros
787 3697 826 3769 et
846 3680 1120 3797 compositores
1146 3675 1364 3766 amicabiles
1390 3691 1428 3764 ct
1449 3703 1667 3766 communes
1689 3676 1832 3764 amicos
1853 3692 1942 3765 tunc
1961 3682 2031 3795 ap·

400 3795 544 3914 posita,
565 3797 737 3888 rideiicct
758 3802 998 3886 tricentarum
1019 3805 1231 3884 marcarum
1246 3797 1405 3882 ictorum
1427 3808 1672 3914 grossorum:
1694 3795 1848 3910 primam
1871 3794 2031 3882 ecclesia

398 3919 628 4033 gneznmtsi,
667 3915 872 4006 secundam
901 3916 1062 4004 dominis
1086 3913 1246 4004 'arbitris
1276 3928 1313 4004 et
1341 3913 1657 4030 compositoribus
1685 3911 1961 4018 amicabilibus,
1993 3927 2031 4000 et
2181 3979 2185 3987 .
2286 3898 2291 3912 ¹

401 4033 554 4122 terciam
575 4039 838 4151 partemparti
858 4036 994 4122 tenenti
1023 4033 1231 4135 arbitrium,
1261 4029 1544 4120 ordinacionem
1564 4026 1772 4115 otiandum
1794 4059 1863 4144 per
1884 4044 2028 4145 partem

401 4145 743 4238 contravenientem
765 4151 1062 4236 irremissibiliter
1082 4146 1345 4267 persoluenda,
1367 4179 1410 4235 sc
1430 4146 1684 4237 submiserunt
1703 4145 1803 4234 bona
1825 4144 1920 4234 fide:
1942 4177 2030 4266 pro-

401 4268 587 4356 mittentes
607 4267 829 4362 sentcncie,·
852 4265 1185 4382 pronunc'ciacioni
1213 4281 1250 4380 ct
1274 4264 1453 4382 mandato
1482 4261 1661 4382 predictis
1688 4264 1838 4352 omnino
1868 4279 1971 4354 stare
1992 4279 2031 4354 ct

391 4382 554 4474 :firmiter
574 4413 710 4504 parere
741 4381 931 4512 su'bncna
960 4382 1151 4498 predicto,
1181 4413 1251 4502 ρετ
1279 4383 1449 4500 prefatos
1477 4381 1652 4470 dominos
1681 4380 1844 4469 arbitros
1878 4382 2026 4470 vallata.

402 4497 493 4613 Qua
515 4535 616 4621 pana
636 4505 776 4604 soluta,
800 4501 869 4588 {uel
890 4503 966 4590 n'on
986 4500 1125 4606 soluta,
1147 4499 1407 4590 niobiiominus
1428 4501 1642 4602 sentencia,
1673 4499 1968 4616 pronuncciacio
1991 4517 2029 4588 ct

401 4621 615 4710 mandatum
648 4623 831 4708 dictorum
857 4618 1102 4708 'dominorum
1139 4621 1381 4724 arbitrorum,
1412 4647 1481 4706 seu
1503 4619 1654 4708 alterius
1688 4617 1928 4719 eorumdem,
1960 4617 2027 4708 de-
2103 4657 2108 4667 ·

400 4734 466 4826 bet
484 4739 589 4828 firma
612 4755 649 4828 et
664 4742 837 4829 inuiolata
853 4767 1086 4857 permanere.
1107 4737 1196 4855 Qua
1217 4738 1300 4851 (sic)
1316 4737 1464 4858 quidam
1482 4769 1580 4856 pena
1596 4737 1741 4824 tociens
1762 4737 1794 4826 si
1815 4739 2028 4824 comittatur

402 4871 440 4945 et
471 4861 634 4950 comissa
663 4861 851 4978 exigatur,
884 4859 1068 4976 quociens
1101 4857 1373 4948 contradictum
1405 4859 1515 4946 suerit
1543 4855 1734 4945 sentencie
1773 4856 2025 4972 pronunccio·

1825 4987 1870 5045 ω.
