4876 5940
983 719 1321 798 —22³-'

304 922 607 1044 comparentibus
637 953 686 1012 ac
706 925 916 1042 petentibus
936 925 1136 1034 instanter,
1166 923 1270 1044 quud
1291 921 1500 1012 secundum
1523 924 1620 1042 juris
1650 925 1842 1036 ordinem,
1882 929 1934 1018 ob
2040 913 2064 944 ’

306 1043 580 1134 contumaciam
610 1041 864 1164 predictorum
890 1041 1212 1134 commendatoris·
1237 1057 1274 1130 et
1299 1041 1472 1150 fratrum,
1503 1041 1692 1132 dominnm
1713 1046 1934 1166 episcopum

305 1161 538 1282 sepedictum
558 1163 596 1249 in
653 1162 909 1250 assessionem
937 1161 1122 1251 bonorum
1151 1161 1405 1250 immobilium:
1437 1189 1521 1248 cum
1550 1163 1701 1252 mobilia
1731 1179 1834 1252 tanta
1857 1195 1936 1256 non

306 1280 505 1386 habereut,
535 1295 575 1367 ut
594 1193 649 1367 ael
665 1279 740 1367 buc
759 1277 990 1370 sullic'ereut:
1020 1307 1091 1402 pro
1119 1279 1235 1367 modo
1264 1277 1381 1367 debiti
1400 1281 1436 1366 in
1457 1279 1581 1368 libello
1602 1281 1795 1389 declarati,
1817 1313 1936 1392 causa

308 1396 479 1486 custodie
499 1429 566 1484 seu
587 1399 641 1484 rei
662 1397 868 1500 seruanda,
899 1401 1042 1486 mittere
1063 1397 1298 1484 deberemus.
1339 1395 1423 1486 Nos
1444 1395 1720 1486 deliberacione
1740 1399 1937 1490 sufficienti

307 1517 501 1602 nobiscum
522 1515 667 1621 habita,
689 1531 726 1602 et
747 1517 1022 1604 cummunicato
1042 1516 1199 1604 consilio
1220 1515 1446 1632 sapientum,
1469 1517 1629 1604 eundem
1651 1516 1840 1606 dominum
1857 1521 1936 1635 api·.

307 1662 466 1752 scopum
505 1635 542 1720 in
562 1635 845 1750 pussessionem
874 1632 1058 1722 bonorum
1088 1635 1241 1720 lratrum
1275 1633 1362 1724 dieti
1384 1632 1525 1727 ordinis
1546 1635 1803 1740 immobilium,
1834 1637 1938 1728 vide
2096 1667 2099 1674 ’
2249 1617 2257 1626 ’

308 1751 396 1839 licet
426 1752 463 1840 in
483 1757 704 1838 Seleblencz
724 1781 845 1869 prope
875 1758 1006 1856 Brest,
1038 1765 1076 1839 et
1092 1757 1282 1842 Numerius
1303 1781 1424 1868 prope
1458 1757 1731 1852 Wlodisloor'am
1741 1759 1936 1864 jucenem,

308 1869 345 1955 in
366 1875 546 1982 Lobysow
576 1899 728 1987 quoque
758 1883 794 1954 et
822 1869 916 1956 alias
936 1869 1062 1975 villas
1095 1898 1190 1988 quas
1211 1869 1348 1956 babent
1370 1871 1406 1956 in
1427 1875 1656 1956 Pomurom'o
1681 1869 1768 1958 dicti
1789 1871 1937 1977 iratres,

308 1984 652 2104 Wladyslauiensis
682 1985 857 2102 dyocesis
893 1999 931 2073 et
955 1973 1196 2102 indeposcz,
1227 2016 1277 2074 ao
1304 1987 1398 2074 alias
1430 1986 1537 2074 villus
1572 1987 1622 2074 ad
1648 1991 1817 2102 Sequere
1852 2019 1938 2108 spe·
1999 2037 2006 2064 ι

307 2116 472 2210 stantes,
504 2104 760 2192 cracouiensis
781 2103 958 2222 dyocesis
980 2102 1055 2219 (³),
1086 2105 1308 2194 auctoritate
1337 2105 1569 2224 apostolica,
1610 2133 1728 2194 causa
1766 2104 1939 2194 custodie

307 2233 345 2309 et
365 2221 419 2307 rei
445 2221 647 2310 serwande
677 2221 771 2334 (sic),
798 2253 845 2309 err
866 2225 987 2341 primo
1009 2224 1166 2310 decreto
1186 2221 1424 2311 decreuimus
1445 2233 1534 2316 es'se
1554 2221 1792 2312 mittendum:
1824 2238 1864 2310 ut
1884 2222 1938 2309 di·

305 2340 354 2426 cti
376 2339 521 2444 iratres,
542 2341 676 2428 saltem
695 2340 770 2426 boc
786 2342 909 2426 allecti
925 2339 1047 2442 tedio,
1065 2369 1193 2427 coram
1214 2341 1325 2428 nobis
1346 2357 1590 2457 compareant
1610 2353 1648 2428 et
1667 2341 1758 2455 juris
1780 2332 1950 2460 pareant

244 2527 269 2562 ¹.
297 2458 480 2574 ‚equitetis
527 2456 714 2543 destinato
742 2458 810 2544 εει]
841 2457 930 2544 dato
960 2457 1080 2544 eidem
1111 2457 1264 2544 domino
1285 2459 1477 2574 episeopo,
1499 2465 1630 2546 nostro
1651 2461 1789 2546 nuncio
1810 2457 1941 2548 videli-

309 2575 397 2661 licet
417 2641 426 2660 .
449 2639 459 2658 .
480 2573 562 2684 (sic)
584 2571 692 2660 laturi
722 2576 978 2690 presencium,
1010 2575 1072 2692 qui
1098 2573 1221 2690 ipsum
1248 2573 1436 2661 dominum
1459 2575 1690 2690 episcopum,
1711 2605 1780 2664 seu
1801 2605 1940 2692 procu-

308 2707 475 2780 ratorem
505 2705 569 2778 aut
594 2692 767 2800 nuncium
793 2691 874 2775 eius
902 2691 1125 2807 specialem,
1155 2688 1298 2776 scilicet
1318 2688 1507 2776 dominum
1528 2689 1726 2792 Mathiam,
1755 2691 1941 2778 decanum

312 2806 680 2921 Wladisleuiensem‚
701 2809 739 2893 in
753 2808 1035 2926 possessionem
1053 2805 1236 2894 dictorum
1256 2805 1441 2895 bonorum
1462 2807 1498 2892 in
1519 2812 1687 2920 Soposcz
1707 2821 1744 2895 et
1758 2807 1943 2926 partinen-

314 2927 454 3015 ciarom
476 2927 577 3033 eius,
608 2927 830 3014 auctoritate
850 2924 999 3031 nostra,
1026 2950 1117 3042 ymo
1146 2925 1275 3015 verius
1304 2921 1514 3043 apostolica
1538 2923 1673 3030 mittat,
1704 2939 1744 3013 ut
1763 2925 1943 3044 premitti-

286 3135 289 3140 .
312 3060 387 3150 tur,
402 3059 439 3133 et
459 3043 621 3156 inducat.
663 3041 841 3150 Vestram
862 3044 976 3163 igitur
994 3041 1259 3131 excellenciam
1289 3071 1338 3128 ox
1366 3055 1474 3160 parte
1495 3040 1599 3129 sedis
1619 3043 1829 3160 apostolice
1849 3043 1942 3132 alle·

315 3177 447 3250 ctuuse
474 3162 697 3280 requirimus
734 3176 770 3248 et
790 3189 992 3298 rogamus,
1032 3175 1217 3279 quatenus
1242 3173 1282 3246 ut
1307 3159 1407 3246 idem
1436 3155 1609 3246 dominus
1638 3159 1852 3278 episcopus,
1874 3189 1943 3248 seu

314 3292 540 3399 procurator
566 3292 631 3366 aut
658 3281 815 3366 nuncius
842 3281 978 3401 ipsius,
1009 3277 1178 3396 predicta
1199 3277 1311 3384 bona,
1340 3277 1377 3364 in
1402 3289 1533 3367 restro
1563 3275 1729 3367 dominio
1760 3279 1943 3394 jacencia,

314 3395 429 3487 modo
449 3396 620 3515 predicto
640 3394 839 3514 possidere
859 3397 1001 3501 valeat,
1022 3397 1191 3484 lauurem
1210 3407 1378 3487 uestrum
1399 3408 1437 3482 et
1455 3394 1586 3514 gracie
1606 3407 1734 3483 uestre
1762 3395 1859 3483 bene
1887 3395 1944 3482 la·

315 3515 427 3604 citum
457 3513 658 3634 dignemini
687 3513 887 3620 adbibere3
937 3515 1136 3632 ipsumque
1172 3511 1293 3600 taliter
1330 3511 1520 3600 inductum
1560 3513 1680 3600 velitis
1726 3425 1946 3602 dellenlere

315 3633 417 3744 (sic),
463 3661 536 3720 uec
569 3632 784 3746 permittere
819 3634 861 3718 iu
890 3630 1059 3750 predicta
1093 3631 1342 3750 possessione
1376 3659 1447 3751 per
1485 3633 1698 3750 quampiam
1740 3625 1943 3721 molestari.

316 3745 455 3842 Datum
472 3749 509 3838 iu
527 3756 660 3852 Brert,
681 3749 752 3836 llll
772 3747 969 3840 Kalendas
988 3747 1100 3868 dunij.
1175 3879 1177 3886 Α
1238 3875 1244 3882 ¹
1411 3788 1413 3794 ι
1612 3747 1615 3758 ·
1695 3747 1698 3757 ·

418 4069 458 4155 (⁸)
486 4040 663 4152 salebim
673 4009 848 4217 ei'pprccul
861 4067 953 4136 dubio
966 4068 1036 4137 rilla
1055 4065 1227 4148 Zblcruaee,
1251 4065 1346 4136 lrodia
1366 4065 1467 4154 zoom
1483 4067 1563 4165 iuter
1575 4065 1771 4164 linostimo
1780 4062 1946 4164 llarlriejo·

320 4155 400 4221 riam
426 4153 493 4230 sita,
518 4151 702 4251 {Wpaujecc
737 4153 784 4252 'la
809 4153 940 4250 regionis
960 4151 1299 4229 malmundariensis,
1331 4149 1449 4238 capos
1462 4155 1658 4244 tarrrtonpat
1672 4167 1804 4252 rapueras
1823 4147 1943 4239 Stopnr·

321 4237 431 4318 censis,
446 4255 618 4325 provinciae
633 4235 849 4304 Craccuensrs.
928 4269 932 4276 ·
1105 4259 1108 4266 ’
1600 4251 1604 4258 ·
