4878 5942
1161 751 1213 788 -’
1260 732 1342 808 ere·
1390 775 1434 788 -

1149 1033 1448 1154 :cttnvtt

633 1243 907 1372 Ilrerttae,
933 1293 1089 1360 m
1114 1269 1265 1359 1840
1290 1274 1384 1358 ulte
1406 1271 1489 1360 20
1515 1275 1713 1402 nonme
1740 1273 1966 1376 apuu.

497 1475 765 1548 :metm
778 1473 1033 1568 hobepiseoprs
1047 1471 1235 1550 truncasti
1259 1479 1431 1554 nouom
1456 1493 1491 1550 re
1506 1435 1655 1550 trotedrr
1669 1477 1763 1552 rtttu
1780 1475 1987 1550 camuros
2009 1477 2109 1568 tego·

640 1577 768 1656 nonus,
781 1577 923 1688 Episcopi
935 1577 1204 1652 tttrttrtcrirusts
1216 1580 1367 1672 monice,
1380 1579 1422 1652 rt
1434 1579 1697 1673 mumoniae
1711 1579 1901 1654 conduxisse
1916 1581 1964 1664 (¹).

595 1767 639 1856 ln
659 1771 807 1858 nomine
827 1766 974 1866 domini,
1005 1799 1125 1858 arnen.
1157 1767 1338 1859 Nouerint
1357 1772 1521 1858 uniuersi
1549 1785 1748 1890 presentes
1769 1772 1895 1858 literas
1915 1771 2103 1889 inspectu-

495 1890 544 1976 ri:
576 1887 693 2004 Quod
714 1921 785 1976 nos
804 1888 1014 1994 laroslaus,
1033 1889 1159 1976 diuina
1189 1889 1432 2008 prouidencia
1451 1904 1582 1978 sancte
1612 1893 1840 2010 gneznensis
1862 1891 2023 1978 ecclesie
2042 1920 2103 1978 ar·

495 2008 772 2126 chiepiscopus,
792 2037 815 2094 a
836 2008 1039 2094 venerabili
1059 2009 1094 2095 in
1115 2009 1264 2097 Cbristo
1284 2010 1397 2096 tratre
1417 2007 1735 2114 domiquatlria‚
1751 2008 1873 2096 diuina
1895 2025 1933 2098 et
1951 2023 2106 2127 aposto·

495 2127 566 2216 lice
601 2126 704 2214 sedis
726 2126 967 2244 prouidenciu
998 2126 1288 2215 wladislauiensi
1320 2129 1510 2246 episcopo,
1542 2127 1646 2215 villas
1668 2159 1758 2216 suas
1789 2144 1825 2214 et
1859 2129 2021 2216 ecclesie
2040 2157 2107 2216 sue

496 2244 683 2364 predicte,
705 2245 922 2333 castellania
942 2243 1199 2360 Lupobierur's,
1221 2246 1398 2362 dyocesis
1421 2247 1706 2352 Craouuiensis,
1727 2248 1819 2334 inlra
1841 2249 2011 2365 spacium
2032 2263 2103 2335 trc-

475 2364 617 2456 .deoirn
639 2393 872 2468 annorunr‚·a
893 2364 981 2451 data
1002 2369 1234 2481 presencium
1266 2365 1567 2484 computandum,
1600 2395 1683 2453 cum
1715 2367 1885 2452 omnibus
1916 2365 2107 2471 fructibus,

495 2483 702 2572 redditibus
723 2514 771 2570 ao
791 2483 1000 2570 utilitatibus
1022 2485 1217 2587 uniuersis,
1241 2515 1307 2602 per
1327 2515 1396 2572 nos
1418 2484 1600 2572 tenendas
1621 2501 1658 2573 et
1678 2485 1931 2603 possidendas
1958 2486 2029 2574 sub
2043 2513 2108 2574 au·

495 2631 570 2689 nuo
600 2632 734 2707 censu,
766 2631 834 2720 pro
866 2602 1114 2722 quadraginta
1143 2603 1283 2690 marcis
1314 2632 1535 2724 grossorum
1566 2605 1827 2722 pragensium,
1859 2603 2107 2723 qrradraginta

496 2714 584 2809 octo
602 2731 766 2841 grossos
787 2752 858 2839 pro
880 2722 1042 2841 quelibet
1061 2725 1432 2842 marcacornputatis
1464 2724 1557 2844 (sio),
1589 2753 1675 2840 per·
1693 2755 1764 2811 nos
1798 2722 1917 2812 eidern
1952 2721 2105 2812 domino

325 2829 327 2838 ’
414 2901 417 2908 ‚
495 2869 678 2958 episcopo
694 2856 732 2928 et
751 2843 1037 2956 successoribus
1058 2843 1188 2929 suisin
1208 2843 1304 2930 lesto
1325 2842 1523 2930 natiuitatis
1556 2842 1692 2928 Cbn'sti
1712 2842 1870 2962 singuiis
1897 2844 2007 2930 annis
2026 2840 2106 2929 sol·

494 2957 636 3058 uendis,
673 2961 709 3046 in
730 2991 877 3046 ornnem
897 2975 1070 3046 euentum
1090 2962 1300 3078 recepimus
1321 2960 1370 3046 ad
1389 2959 1543 3048 firmam.
1563 2959 1652 3049 Hoc
1673 2976 1796 3048 tamen
1817 2973 1989 3078 excepto,
2005 2959 2108 3080 (prod

495 3081 528 3166 si
547 3079 584 3164 in
603 3077 713 3166 bonis
734 3109 802 3165 seu
824 3079 917 3169 villis
938 3077 1132 3196 predictis,
1154 3093 1375 3196 tempestate
1396 3079 1607 3197 grandinis,
1627 3096 1690 3167 aut
1709 3083 1860 3168 incursu
1881 3081 2109 3171 exercitium

495 3213 775 3302 exuaneorum,
804 3198 839 3284 in
861 3197 946 3314 hijs,
965 3229 1039 3315 quc
1066 3227 1136 3286 nos
1166 3201 1336 3315 recipere
1357 3198 1599 3304 deberemus,
1626 3198 1763 3319 aliquid
1783 3197 1934 3320 dampni
1954 3228 2023 3286 seu
2044 3197 2108 3286 de·

494 3317 716 3404 struocionis
746 3316 948 3404 casualiter
978 3318 1143 3404 eueniret
1173 3319 1292 3434 nobis,
1323 3317 1528 3406 secundum
1560 3318 1762 3436 proborum
1793 3322 2028 3406 taracionem
2056 3317 2107 3406 ad

495 3436 570 3523 boc
590 3465 658 3552 per
687 3434 846 3522 eundern
879 3433 1065 3522 donicum
1087 3438 1316 3555 episcopum,
1349 3467 1416 3523 seu
1437 3467 1683 3525 successures
1713 3438 1840 3554 ipsius,
1871 3452 1909 3524 et
1928 3467 2000 3526 nos
2029 3437 2106 3525 ele-

496 3567 656 3657 ctorum,
677 3553 936 3671 equipolenter
966 3571 1107 3670 partem
1130 3558 1330 3673 peccunie,
1353 3586 1466 3676 quarn
1486 3557 1555 3643 sibi
1575 3559 1728 3644 racione
1758 3556 1969 3644 huiusmodi
1988 3585 2106 3676 expo·

496 3672 648 3760 sicionis
679 3671 829 3758 soluere
849 3671 1082 3779 deberemus,
1104 3673 1322 3782 defalcabit3
1343 3674 1417 3762 hoc
1438 3677 1555 3763 eciam
1577 3675 1737 3775 adiecto,
1767 3674 1869 3794 quod
1900 3677 1933 3763 si
1962 3675 2106 3763 interim

495 3787 618 3879 eidem
648 3788 801 3876 domino
831 3793 1022 3908 episcopo,
1054 3793 1111 3879 vel
1144 3793 1432 3880 successoribus
1451 3795 1577 3912 ipsius,
1598 3823 1763 3915 mangua
1793 3795 1876 3907 (sic)
1896 3810 1934 3883 et
1952 3793 2106 3884 euidens

494 3910 705 3998 necessitas
736 3911 911 4013 eueniret,
944 3921 981 3997 et
1011 3911 1130 4027 ipsum
1161 3913 1221 4000 vel
1252 3939 1344 3998 suos
1373 3942 1620 4002 successores
1651 3914 1826 4002 debonis
1856 3913 2106 4002 ecclesiesuc

495 4027 822 4134 wladislauiensis,
855 4031 983 4148 quein
1014 4031 1182 4147 partibus
1204 4031 1285 4148 alijs
1306 4033 1447 4148 optinet
1476 4032 1569 4143 (sic),
1590 4033 1692 4150 quod
1713 4032 1807 4120 deus
1826 4035 1982 4140 aulerat,
2012 4061 2105 4120 oon-
2140 4087 2150 4108 ι

495 4150 655 4268 tingeret
675 4151 828 4254 exulari,
850 4163 984 4236 extunc
1001 4178 1070 4265 pro
1100 4166 1180 4238 rata
1212 4153 1389 4268 temporis
1410 4151 1507 4239 dicte
1527 4154 1708 4269 peccunie
1727 4151 1983 4240 delalracione
1997 4152 2105 4254 lacta,

494 4267 614 4354 eidem
645 4267 796 4358 domino
827 4270 1020 4387 episcopo,
1052 4269 1111 4356 vel
1132 4268 1418 4358 successoribus
1447 4272 1577 4388 ipsius,
1607 4270 1728 4358 villas‘
1744 4301 1812 4364 scu
1842 4273 2107 4390 possessiones¹

495 4384 594 4472 dieta
632 4387 846 4474 castellanis
889 4385 1160 4506 Lagouiensis,
1198 4390 1344 4509 absque
1374 4389 1623 4507 inpedimento
1653 4389 1828 4508 quolibet,
1858 4391 2105 4480 restituemus

324 4497 333 4528 ⁸
424 4606 432 4635 1
496 4502 1037 4624 Promittirnusinsupereidem
1058 4507 1401 4628 dominoepiscopo
1423 4539 1492 4596 sua
1506 4511 1675 4628 pimenta
1692 4525 1728 4597 et
1742 4511 2106 4629 consanguineorum

597 4805 636 4894 (¹)
676 4807 724 4874 Ex
745 4807 906 4896 archetypo
927 4755 1157 4878 niembrudaeeo
1178 4811 1317 4880 tabularii
1332 4813 1451 4900 capituli
1468 4812 1737 4882 wladislauiensis,
1758 4811 1852 4900 Sigilli
1873 4811 1992 4901 abrupti
2013 4833 2099 4902 nipe-

497 4899 559 4961 rest
576 4899 691 5014 nuptm
707 4893 835 4960 meniola
849 4915 1038 4980 pergamena.
1138 4971 1144 4976 ,
