4926 5940
1072 735 1345 810 -387..

1107 1039 1317 1160 CCCLX.

404 1298 415 1310 ·
495 1249 502 1261 ’
538 1268 820 1364 Boeotiae,
854 1286 1009 1355 anno
1036 1269 1180 1356 1418
1206 1270 1300 1356 ote
1325 1269 1396 1355 12
1420 1271 1620 1358 mensis
1657 1275 1879 1378 annuo.
1919 1335 1923 1366 ε

394 1471 620 1544 loannes
634 1465 807 1564 lptrcopu
828 1469 1099 1576 mortuorunm
1124 1473 1263 1546 coruum
1289 1476 1323 1546 ot
1347 1473 1494 1563 oppidum
1518 1477 1656 1544 Wototn
1678 1475 1789 1550 tomnt
1810 1477 1849 1551 to
1862 1413 2023 1566 tondet,

885 1571 1069 1695 praepositp
1083 1572 1334 1662 Kmrzvtoiomt,
1349 1575 1470 1648 confort
1488 1577 1538 1664 (¹).
1678 1641 1682 1648 ,

491 1779 533 1868 ln
556 1781 704 1867 nomine
725 1779 880 1885 domini,
910 1807 1033 1867 amen.
1085 1779 1166 1866 Sub
1187 1809 1287 1866 anno
1308 1781 1506 1868 natiuitatis
1528 1781 1694 1870 eiusdem
1716 1769 1910 1872 millesimo
1933 1812 2021 1896 qua-

292 2003 294 2008 ,
391 1898 685 2018 dringeutesimo
719 1895 866 1985 decimo
895 1912 1053 2006 octauo,
1085 1897 1293 1992 indiccione
1314 1897 1528 2005 undecima,
1560 1901 1798 2016 pontificatus
1829 1905 2021 1990 sanctissi—

391 2017 441 2104 mi
461 2018 497 2102 iu
519 2015 668 2104 Christo
689 2019 805 2132 patris
826 2031 864 2104 et
883 2016 1021 2106 domiui
1036 2017 1154 2105 nostri
1169 2015 1307 2103 domini
1322 2013 1494 2124 Martini,
1521 2016 1645 2106 diuina
1662 2021 1904 2138 providencia
1922 2051 2022 2138 pape

393 2133 511 2253 quinti
522 2160 627 2222 ‘anno
649 2136 789 2250 primo,
821 2133 881 2222 die
902 2165 993 2223 uero
1025 2134 1249 2224 duodecima
1276 2135 1417 2224 mensis
1444 2136 1604 2253 Aprilis,
1651 2135 1746 2226 hora
1776 2169 2020 2256 vesperorum

390 2251 452 2340 uel
474 2253 600 2370 quasi,
631 2254 667 2340 in
690 2268 818 2341 castro
839 2254 1043 2357 brestensi,
1075 2271 1111 2341 et
1141 2253 1175 2340 in
1210 2253 1291 2355 saia
1314 2267 1458 2340 murata
1480 2258 1595 2343 castri
1619 2257 1803 2357 eiusdem,
1837 2259 1872 2344 in
1903 2259 2021 2344 nostri

388 2367 631 2460 Notariorum
652 2370 886 2486 publicorum
909 2387 946 2456 et
968 2372 1112 2458 testium
1135 2371 1332 2486 presencia
1354 2373 1671 2490 subscriptorum,
1694 2376 1918 2461 constitutos
1934 2405 2021 2490 per-

389 2487 567 2580 sonaliter
593 2487 826 2574 reuerendus
855 2490 891 2574 in
913 2487 1064 2574 Christo
1095 2501 1202 2602 pater
1229 2500 1265 2572 et
1294 2485 1488 2586 dominus,
1520 2489 1693 2576 domiuus
1722 2491 1928 2596 JohanneS,
1961 2491 2021 2578 dei
2158 2588 2164 2600 ,

388 2607 520 2727 gracia
550 2604 766 2723 Episcopus
794 2603 1160 2710 Wiadisiauiensis,
1177 2632 1293 2690 sunus
1323 2618 1447 2690 mente
1476 2621 1513 2692 et
1540 2635 1724 2723 corpore,
1755 2637 1830 2693 non
1854 2610 2020 2724 compul-

388 2755 475 2830 sus,
506 2753 580 2811 non
602 2741 781 2825 coactus,
812 2723 881 2810 sed
913 2723 961 2810 de
991 2753 1061 2810 sua
1090 2723 1193 2809 bona
1221 2735 1258 2808 et
1287 2719 1403 2808 libera
1424 2723 1636 2828 voiuntate,
1668 2739 1831 2814 castrum
1854 2727 1891 2812 et
1911 2729 2020 2842 oppi-

388 2842 486 2956 dum·
506 2849 718 2956 Woytorzs,
736 2839 972 2956 Gneznonsis
993 2841 1178 2946 diocesis,
1199 2871 1330 2928 mense
1350 2872 1419 2930 suo
1441 2843 1669 2960 episcopalis
1691 2840 2017 2948 wladislauiensis,

388 2989 474 3050 cum
505 2959 676 3050 omnibus
707 2973 744 3047 et
761 2961 927 3079 singuiis
958 2960 1053 3048 vittis
1073 2989 1121 3046 ac
1140 2959 1379 3077 pertineuc's
1400 2960 1496 3068 suis,
1528 2960 1732 3050 venerabili
1762 2962 1843 3048 viro
1865 2959 2019 3050 domino

388 3079 553 3190 iohanni
573 3079 621 3168 da
640 3085 827 3186 Newerett,
847 3078 1040 3196 preposito
1061 3079 1182 3165 saneti
1201 3077 1304 3164 Petri
1327 2991 1683 3184 druschwiciensis,
1704 3078 2019 3168 wladislauiensis'

390 3195 570 3308 diocesia,
591 3211 629 3310 et
647 3195 1190 3310 Canonicowiadisiauiensis,
1212 3195 1468 3302 ecclesiarum,
1489 3196 1611 3302 dedit,
1633 3199 1786 3286 contulit
1807 3213 1843 3284 et
1864 3199 2019 3286 donauit

391 3313 441 3404 ad
472 3316 546 3403 vite
575 3333 644 3403 suo
674 3332 843 3431 tempora
880 3313 1072 3402 dumtaxat
1106 3313 1327 3420 tenendum,
1359 3314 1592 3422 habendum,
1623 3314 1913 3434 possidendum,
1944 3345 2017 3434 gu-

389 3433 622 3522 bernandum
644 3431 965 3538 etutiiruendum,
988 3455 1087 3548 'eum
1122 3433 1222 3520 om'ni
1237 3433 1324 3550 jure
1345 3448 1382 3520 et
1402 3432 1584 3539 dominio,
1617 3451 1653 3522 et
1674 3449 1785 3551 prout
1805 3433 1926 3520 dictus
1947 3433 2017 3520 do-

389 3554 510 3640 miuus
539 3553 735 3648 iohannes
766 3553 979 3671 prepositus
1006 3551 1187 3668 prefatum
1218 3565 1383 3638 castrum
1414 3567 1449 3639 et
1471 3549 1649 3670 oppidum
1679 3559 1901 3665 Woyborzs,
1933 3566 2017 3638 cum
2055 3593 2058 3598 ·

390 3670 470 3758 suis
491 3671 730 3790 pertinencijs
751 3671 863 3759 tenuit
884 3683 922 3757 et
941 3669 1124 3757 hactenus
1140 3683 1257 3776 tenet,
1287 3669 1338 3756 ita
1358 3682 1498 3777 tamen,
1531 3669 1633 3788 quod
1654 3670 1820 3788 prefatos
1833 3669 2017 3770 ‚dominus

388 3785 585 3878 iohannes
620 3791 857 3909 prepositus,
902 3787 1177 3877 venerabilibus
1200 3789 1290 3876 uiris
1307 3786 1468 3876 dominis
1499 3788 1672 3905 Capituio
1706 3787 2017 3890 wladislauiensi,

388 3906 547 4024 singuiis
575 3908 682 3996 annis
717 3937 879 3998 annuam
914 3909 1135 4026 pensionem
1171 3907 1317 3999 'solitam
1340 3920 1377 3999 et
1398 3922 1619 3994 consuetam
1650 3907 1809 3993 soluere.
1835 3919 2014 3991 teneatur.

388 4024 515 4144 Super
541 4025 675 4136 quibus
702 4025 873 4114 omnibus
905 4039 941 4113 at
970 4025 1130 4158 singuiis
1169 4027 1336 4140 preiatus
1367 4023 1541 4111 dominus
1572 4025 1767 4110 iohannes
1802 4022 2015 4139 prepositus

387 4143 511 4260 peci't,
533 4141 604 4228 sibi
624 4141 704 4228 fieri
720 4175 789 4260 per
804 4173 876 4230 nos
892 4141 1071 4230 Notarius
1091 4143 1360 4260 infrascriptos
1381 4135 1493 4229 unum
1514 4140 1574 4228 uei
1594 4141 1720 4258 plura,
1741 4139 1926 4257 publicum
1947 4171 2015 4228 seu

389 4173 558 4377 pubiica,
589 4257 868 4362 instrumentum
898 4289 965 4344 seu
998 4261 1249 4348 instrumenta.
1304 4259 1403 4346 Acta
1433 4273 1519 4346 suut
1545 4257 1617 4344 hec
1644 4288 1763 4366 anno,
1793 4255 2015 4362 indiccione,

387 4375 624 4495 pontificatu,
655 4377 735 4482 die,
758 4405 905 4482 mense,
927 4375 1020 4463 hora
1041 4387 1079 4462 et
1099 4375 1186 4467 loco
1207 4376 1342 4488 quibus
1363 4405 1490 4494 supra.
1519 4375 1778 4464 Presentibus:
1799 4374 2013 4464 reuerendo

388 4512 495 4611 patre
524 4495 677 4584 dornino
711 4493 897 4597 iohanne,
932 4491 1065 4581 Eieoto
1100 4492 1320 4582 confirmato
1343 4494 1575 4597 Cheimensi,
1608 4508 1644 4581 et
1664 4493 1941 4586 venerabilibus
1967 4523 2015 4580 ao

389 4614 574 4704 nobilibus
596 4617 705 4721 viris,
737 4613 913 4703 dominis:
941 4612 1114 4701 iohanne
1143 4611 1192 4701 de
1213 4621 1385 4701 Nemeseo
1409 4613 1556 4701 decano
1576 4613 1910 4721 wladislauiensiS,
1949 4612 2013 4698 Ja-

486 4863 528 4948 (¹)
558 4867 605 4933 Er
619 4863 781 4952 archetypo
795 4865 1027 4934 membranaceo
1040 4863 1178 4932 tabularii
1194 4862 1316 4965 capituti
1332 4861 1603 4931 Wludistuuieusts.
1634 4861 1771 4950 Sigillum
1787 4861 1881 4931 deest

1800 4980 1847 5036 ot·
