4876 5940
1036 729 1312 806 -903-

373 933 501 1073 agris,
531 934 669 1052 protis,
699 929 914 1052 mclbbo’q's,
942 935 1149 1054 quercetis,
1179 935 1324 1042 bonis,
1353 961 1456 1054 gayo
1486 945 1524 1024 et
1557 931 1854 1043 iuridicionibus,
1884 937 2002 1026 serui·

372 1083 464 1260 pqs,
494 1049 960 1260 ffiiffiinffim’ffli’
1001 1053 1319 1262 eltp'lcipiqibusuqqu
1338 1051 1606 1258 iuupmmibus,
1616 1081 1708 1258 tpec
1723 1083 1805 1258 pon
1823 1055 2003 1260 pplomni·

372 1199 546 1378 osirin
585 1316 635 1376 aa
647 1199 783 1377 ”iisd
803 1199 1064 1408 nignibmus
1085 1203 1271 1404 (sinidio
1289 1201 1587 1380 colidici
1589 1200 1613 1260 ⁰
1621 1201 1813 1407 effodi
1835 1203 2004 1380 Hbqqq

372 1405 534 1528 pacifice
561 1405 827 1526 possidendas.
888 1405 951 1494 Ad
980 1408 1202 1498 euictionem
1228 1409 1487 1498 nichilominus
1515 1317 1769 1526 predictorum
1797 1408 2005 1516 bonorum,

372 1553 446 1614 nos
473 1540 605 1616 tencre
633 1525 873 1644 presencium
901 1523 1135 1645 obligantes,
1175 1529 1208 1616 si
1239 1525 1375 1648 aliquis
1410 1555 1527 1648 super
1559 1526 1614 1614 eis
1642 1523 1804 1646 aliquam
1834 1542 2005 1624 moueret

373 1643 530 1732 forsitan
548 1643 796 1762 questionem.
857 1642 1035 1732 Prelatus
1061 1659 1185 1734 autem
1214 1645 1439 1734 venerabilis
1459 1659 1567 1763 pater
1586 1642 1760 1734 dominus
1787 1645 2003 1764 episcopus,

372 1789 458 1850 cum
487 1789 678 1850 consensu
708 1761 767 1848 sui
786 1759 958 1879 capituli,
988 1759 1131 1852 reditus
1159 1793 1231 1852 seu
1260 1762 1429 1854 decimas
1453 1791 1585 1850 mense
1605 1791 1674 1851 sue
1693 1761 1729 1850 in
1749 1766 1895 1876 lopun,
1916 1761 2003 1850 villa

371 1892 505 1970 nostra
532 1877 791 1984 theutonicali,
821 1892 860 1968 et
884 1877 921 1968 in
947 1885 1087 1968 llolsco
1115 1879 1202 1970 villu
1221 1880 1364 1987 ducali,
1394 1912 1468 1999 quc
1483 1895 1570 1970 sunt
1589 1881 1690 1968 circa
1728 1883 2003 1968 mediolanium

372 2003 541 2084 iuuenem
558 1997 695 2084 situata
715 1994 789 2110 (⁴),
820 2012 858 2086 et
885 2025 972 2088 cum
991 1997 1191 2088 noualibus
1210 1997 1322 2090 nobis
1342 2014 1380 2088 et
1398 1997 1628 2089 monasterio
1650 2010 1782 2086 nostro
1808 2005 2007 2086 stretncrui

373 2110 477 2202 dedit
496 2131 534 2204 et
552 2115 742 2234 asignauit
760 2115 844 2230 (sic)
865 2116 902 2204 in
922 2129 1167 2236 perpetuum,
1198 2117 1314 2208 libere
1344 2131 1382 2206 et
1407 2118 1567 2236 pacilice
1587 2115 1853 2236 possidendus.
1914 2115 2004 2204 Hoc
2055 2193 2062 2223 ,

372 2248 553 2352 excepto,
585 2232 687 2352 quod
709 2233 741 2322 si
762 2233 856 2342 dux,
887 2236 949 2354 qui
966 2265 1036 2352 pro
1059 2249 1227 2355 tempore
1248 2236 1357 2324 luerit
1376 2237 1411 2324 in
1432 2237 1603 2352 predicta
1625 2235 1711 2322 villa
1731 2239 1891 2340 Dobco,
1914 2249 2004 2322 ara·
2046 2262 2058 2303 t

372 2364 469 2438 uum
505 2381 612 2438 suum
648 2353 835 2468 posuerit,
866 2351 1041 2440 videlicet
1066 2352 1116 2440 da
1144 2355 1261 2444 tribus
1289 2354 1348 2440 vel
1379 2369 1541 2472 quatuor
1570 2354 1711 2440 mansis
1741 2350 1925 2440 decimum
1955 2349 2005 2440 de

372 2465 516 2556 eisdem
547 2495 618 2555 suo
649 2467 742 2556 dure
763 2469 901 2587 poterit
920 2470 1129 2585 capellano.
1189 2471 1374 2558 Aratores
1394 2500 1487 2559 vero
1509 2469 1677 2558 eiusdem
1699 2468 1808 2558 ducis
1829 2499 1897 2556 seu
1923 2498 2004 2556 mo·

372 2583 557 2690 dictores,
588 2583 698 2679 uobis
718 2599 756 2674 et
775 2601 907 2674 nostro
928 2588 1130 2674 concentui
1151 2585 1247 2674 darc
1267 2586 1451 2674 decimam
1474 2584 1706 2674 tenebuntur.
1757 2585 1837 2672 Sed
1863 2587 1896 2674 si
1916 2585 2003 2704 plus

372 2705 558 2808 arcuerit,
590 2731 701 2824 quarn
724 2717 777 2792 tot
798 2731 972 2806 mansos,
1003 2705 1039 2790 in
1068 2703 1232 2792 residuis
1261 2703 1311 2792 ad
1332 2733 1405 2792 nos
1425 2702 1573 2790 decima
1594 2702 1825 2821 integraliter
1845 2704 2003 2820 pertine-

346 2818 435 2944 ‚bit
497 2818 625 2936 Quam
654 2822 821 2941 prelatus
847 2819 1021 2911 dominus
1050 2823 1279 2942 episcopus,
1309 2823 1341 2912 si
1365 2819 1621 2941 impediremur
1646 2821 1682 2906 in
1704 2821 1805 2938 ipsa,
1826 2818 2003 2910 euincere

687 2968 735 3031 eo
761 2937 984 3058 indempnes
1017 2937 1182 3030 reddere
1211 2939 1435 3060 repromisit
1497 2935 1539 3026 Si
1570 2951 1694 3034 autern
1722 2934 1895 3027 dominus
1924 2933 2002 3044 dux¹

371 2954 517 3146 dietbord'
541 2970 670 3146 iddaib
686 3059 723 3146 in
755 3057 866 3146 aliam
899 3059 1118 3148 uanslerret
1137 3086 1358 3176 personam,
1395 3071 1533 3146 extunc
1561 3054 1736 3144 dominus
1766 3053 1849 3143 ville
1884 3054 2002 3164 illius,

305 3189 309 3197 '
371 3175 492 3264 eciam
522 3175 572 3264 da
598 3174 709 3264 dictis
738 3177 898 3279 mansis,
938 3206 1037 3380 quus
1065 3177 1207 3282 arabit,
1237 3175 1347 3266 nobis
1376 3189 1413 3266 et
1442 3189 1575 3265 nostro
1596 3173 1797 3262 concentui
1817 3169 2002 3260 decimam

371 3292 604 3414 integraliter
622 3293 812 3415 asignabit
831 3294 923 3406 (sic).
964 3327 986 3380 n
1002 3293 1276 3412 suplementum
1284 3293 1367 3406 (sic)
1378 3323 1471 3384 vero
1487 3293 1796 3383 commutacionis
1815 3287 2003 3408 predicte,

372 3409 471 3500 idem
499 3412 675 3502 dominus
702 3413 834 3531 episoo
887 3441 908 3500 s
933 3413 1044 3500 nobie
1072 3428 1110 3500 et
1138 3427 1269 3502 nostro
1297 3411 1497 3502 conuentui
1518 3421 1667 3500 centum
1689 3422 1727 3496 et
1748 3407 2001 3530 quadraginta

371 3557 524 3620 marcas
550 3528 790 3620 decuriorum
817 3546 830 3618 t
857 3529 1055 3620 crucensis
1080 3543 1250 3638 monete,
1281 3544 1318 3618 et
1338 3544 1487 3618 centum
1509 3555 1708 3618 mensuras
1728 3525 1897 3646 seliginis
1917 3523 2002 3638 (sic)

371 3645 533 3755 addidit,
548 3679 622 3767 que
642 3679 686 3736 se
707 3663 796 3738 tunc
816 3648 866 3738 od
886 3649 1017 3766 viginti
1036 3675 1188 3738 marces
1208 3649 1395 3738 communi
1415 3648 1546 3766 precio
1566 3644 1830 3736 extendebant
1866 3641 1919 3732 Ut
1932 3671 2002 3732 ou·

371 3783 446 3856 tem
466 3767 538 3856 beo
559 3768 756 3858 ordinacio
776 3797 846 3856 scu
867 3768 1135 3872 commutacio,
1165 3767 1236 3856 rite
1255 3781 1292 3856 et
1311 3765 1587 3856 racionabiliter
1605 3765 1725 3868 lucta,
1755 3762 1864 3852 lirma
1888 3777 1924 3852 et
1944 3763 2001 3848 in·

372 3883 555 3976 ululabilis
576 3901 810 4004 perseueret,
841 3886 1106 3974 renunciamus
1126 3885 1299 3974 omnibus
1319 3884 1526 4020 priuilegijs
1556 3913 1625 3972 seu
1656 3879 1934 3984 instrumentis,
1965 3891 2004 3969 et
2064 3987 2070 4011 ἵ

372 4004 548 4094 omnibus
578 4005 719 4093 iuribus
745 4035 816 4093 seu
851 4001 1186 4092 consuetudinibus
1215 4017 1254 4092 ct
1280 4001 1429 4120 auxilijs
1463 4003 1553 4090 ruris
1587 3999 1760 4088 canonici
1792 4011 1832 4084 et
1870 3993 2002 4104 ciuilis,
2051 4034 2065 4072 ι

370 4151 536 4244 perque
556 4121 726 4238 predicta
747 4121 941 4210 ordinacio
957 4129 1090 4239 posset
1108 4121 1317 4240 aliqualiter
1329 4117 1497 4323 inpediri.
1528 4115 1579 4206 Et
1598 4147 1647 4205 ne
1667 4141 1852 4232 supereo
1872 4113 1909 4202 iu
1929 4141 2001 4231 po·

370 4256 511 4342 steruuu
532 4235 685 4332 dubium
705 4239 866 4344 oriatur,
886 4253 1099 4356 presentem
1121 4236 1278 4326 litteram
1298 4239 1372 4358 sigi
1386 4235 1431 4325 lis
1450 4249 1584 4324 nostro
1605 4246 1643 4322 et
1656 4231 1774 4322 nostri
1791 4244 2001 4322 conuentus

371 4356 632 4446 mandauimos
667 4356 896 4442 communiri.
957 4355 1095 4442 Datum
1130 4369 1169 4442 et
1201 4371 1326 4444 nomm
1361 4351 1465 4472 apud
1488 4358 1693 4456 Strctnonr,
1731 4377 1832 4438 anno
1862 4346 2001 4437 domini

352 4473 413 4582 ,Μ
435 4475 552 4564 CCC⁰
572 4474 720 4564 decimo
748 4473 896 4592 quinto,
926 4484 1037 4561 sexto
1066 4469 1165 4590 ydus
1185 4470 1288 4590 May.
1317 4469 1563 4562 Prosentibus
1582 4468 1656 4588 hijs
1675 4467 1842 4560 testibus:
1863 4467 2000 4559 comite
2027 4513 2081 4580 s·

434 4861 442 4878 .
470 4778 510 4929 qt)
525 4776 641 4878 .D¹‘l’³⁶
662 4785 694 4878 pt
714 4774 839 4864 bojano
859 4773 957 4876 nillne·
969 4795 1031 4874 nup
1052 4773 1156 4874 prcmd
1179 4795 1197 4842 a
1217 4773 1285 4845 lacu
1298 4773 1401 4863 Goplo
1416 4773 1447 4842 in
1461 4773 1616 4842 territorio
1628 4770 1853 4860 Bydgortieuri,
1874 4768 1997 4854 regions

370 4861 691 4941 incimmemmaum,
711 4861 757 4930 bl.
772 4861 809 4929 D.
823 4859 1023 4928 Poscunmnsr
1037 4865 1122 4928 erun
1792 4967 1840 5027 w
