4984 5930
1105 733 1354 812 -36-.-

413 937 589 1044 dominio,
616 964 684 1052 per
704 947 841 1022 terram
862 945 901 1019 et
919 961 1058 1069 aquas,
1085 933 1135 1020 ab
1155 934 1255 1022 omni
1276 933 1448 1022 theloneo
1468 922 1574 1020 tiberi
1587 931 1707 1052 jidam
1728 934 1849 1022 iuooie
1868 949 2042 1054 pertran-

413 1055 549 1146 sibunt.
598 1053 775 1140 Preietos
795 1051 909 1172 igitur
927 1052 1048 1159 vittas,
1073 1081 1157 1138 cum
1179 1052 1280 1139 omni
1299 1050 1469 1138 libertate
1489 1051 1561 1138 iam
1583 1052 1739 1168 prefata,
1786 1055 2042 1142 renominatus

413 1173 546 1262 Abbas
566 1187 604 1260 et
623 1201 715 1260 suus
737 1183 963 1276 conuentus,
990 1169 1193 1286 venerabilj
1214 1171 1311 1288 patrj
1333 1167 1487 1257 domino
1515 1167 1689 1286 Michaeij
1712 1083 2042 1260 ttdauistautensis

414 1291 575 1380 ecclesie
603 1291 806 1409 episcopo,
836 1317 884 1376 ac
913 1288 991 1376 suis
1020 1288 1331 1392 successoribus,
1359 1302 1666 1410 permutauerunt
1695 1302 1731 1376 et
1758 1287 1942 1378 dederuut
1971 1321 2043 1409 pro

413 1409 510 1514 uitta,
533 1439 605 1528 que
621 1413 850 1520 Borctocr'cj
862 1403 915 1518 (⁵)
936 1405 1132 1525 wlgariter
1151 1398 1398 1523 nuncupatur,
1413 1405 1500 1522 jure
1519 1405 1744 1494 hereditario
1765 1407 2042 1526 inperpetuum

411 1524 684 1646 possidendas:
711 1538 749 1612 et
767 1525 866 1613 hanc
887 1523 1204 1642 permutacionem
1225 1537 1263 1611 et
1282 1521 1545 1630 donacionem,
1571 1522 1620 1610 de
1640 1539 1773 1612 nostro
1794 1553 1985 1614 consensu
2006 1543 2044 1614 et

412 1645 601 1734 uoluntate
629 1643 751 1750 bona,
780 1673 869 1730 esse
888 1641 1022 1729 iactam
1042 1655 1305 1759 protestamur.
1356 1641 1400 1728 ln
1426 1643 1533 1730 cuius
1559 1641 1614 1728 rei
1647 1641 1913 1750 testimonium,
1943 1644 2043 1731 hano

412 1764 593 1966 pagipam
629 1773 765 1964 postrlrp
797 1758 923 1881 sigillo
957 1759 1112 1846 fecimus
1147 1757 1332 1877 roborarj.
1386 1757 1523 1848 Datum
1559 1789 1660 1847 anno
1695 1757 1833 1847 domini
1867 1759 1926 1847 Μο
1957 1761 2043 1848 CC⁰

440 1909 560 1966 uara
591 1906 708 1966 esumo
765 1883 791 1964 ⁰.
2039 1963 2040 1966 Ν

413 1911 438 1996 q
515 1909 599 2083 Nois
619 1997 744 2115 itaque
765 1992 972 2114 predictam
991 1993 1198 2083 libertatem
1218 1995 1338 2114 patrjs
1358 1995 1476 2112 nostrj
1498 1993 1738 2102 ratificamus,
1766 1995 2044 2103 confirmamus,

413 2127 451 2201 at
471 2113 709 2231 presentibus
728 2113 961 2202 innouamus.
1010 2111 1173 2230 Insuper
1197 2113 1310 2200 muita
1338 2115 1497 2200 seruicia
1528 2112 1750 2201 venerabilis
1775 2115 1893 2233 patris
1921 2119 2040 2236 nostrj

413 2231 601 2349 Wotimirj
622 2230 790 2348 predicte
809 2229 1137 2320 Wladislauiensis'
1158 2230 1320 2319 ecclesie
1338 2228 1518 2348 Episcopi
1538 2231 1795 2350 respicientes,
1817 2231 1886 2318 sibi
1906 2247 1943 2320 et
1963 2237 2043 2324 suis

415 2347 706 2440 successoribus
746 2349 1005 2437 concessimus
1039 2347 1137 2437 duas
1171 2348 1279 2438 viltas
1313 2349 1484 2467 antiquas
1517 2380 1627 2454 suas,
1667 2349 1729 2437 vel
1765 2349 2040 2439 Canonicorum

414 2497 586 2576 suorum,
613 2467 742 2554 locare
762 2464 899 2555 eodem
920 2467 1007 2584 jure
1028 2465 1284 2573 theuthonico,
1314 2497 1410 2585 quas
1430 2468 1572 2584 pretate
1593 2467 1751 2554 ciuitatis
1773 2467 1923 2590 omnino
1943 2498 2041 2604 gau-

414 2585 506 2674 dere
538 2584 709 2674 volumus
744 2584 926 2672 libertate.
982 2581 1206 2672 Huiusmodi
1240 2585 1377 2671 tactum
1413 2597 1452 2671 ut
1480 2600 1701 2720 perpetuum
1735 2585 1851 2674 robur
1878 2599 2043 2703 optineat

412 2703 610 2806 firmitatis,
638 2716 851 2820 presentem
871 2703 1050 2823 paginam
1072 2703 1189 2791 nostri
1210 2701 1321 2904 Signi
1342 2702 1538 2790 munimine
1558 2703 1713 2790 fecimus
1734 2703 1917 2820 roborarj.
1959 2703 2040 2790 Da-

413 2837 489 2910 tum
518 2823 553 2909 in
586 2823 727 2907 ououar
745 2816 797 2932 (⁰)
827 2849 927 2908 anno
957 2819 1095 2907 domini
1122 2819 1241 2906 M⁰C
1278 2825 1293 2858 ⁰
1318 2817 1402 2905 LX⁰
1429 2818 1491 2906 11⁰.
1546 2818 1811 2908 presentibus:
1841 2819 2040 2939 Boguslau

412 2939 620 3026 castellano
641 2937 689 3024 de
703 2943 843 3024 queoe
862 2943 1111 3038 Wtcdtstouto,
1132 2933 1265 3023 Ubisto
1279 2933 1356 3028 (sic)
1371 2933 1511 3052 judice,
1532 2935 1715 3026 Mauricio
1731 2937 2040 3040 subcancellario,

411 3056 586 3143 dohannc
607 3052 1048 3174 preposito,'Lyphardo
1074 3052 1341 3140 archidiacono
1373 3052 1719 3162 Crusuiciansibus,
1746 3055 1893 3144 Jacobo
1915 3085 2039 3145 sacer-

413 3173 514 3280 dote,
535 3187 571 3260 et
591 3173 674 3290 utijs
695 3201 806 3292 quam
828 3171 995 3289 pluribus
1015 3169 1090 3258 sude
1112 3168 1247 3292 dignis

514 3388 557 3474 (ὅ)
584 3387 764 3454 Βανὲοωίω
776 3386 844 3454 vitta
857 3385 990 3473 regionis
1003 3387 1240 3454 Petricovicnsis.

516 3473 557 3556 (θ)
587 3471 701 3540 Kooat
713 3471 858 3560 oppidum
873 3472 1014 3538 territorii
1028 3471 1222 3558 Gujavionsis

1132 3741 1330 3858 xxxtv.

488 4075 491 4082 ,
561 3975 909 4074 maumam,
935 3993 1091 4061 anno
1116 3973 1268 4060 1243
1294 3975 1388 4059 aea
1411 3973 1484 4060 12
1509 3927 1711 4064 monio
1736 3980 1890 4086 moer.

414 4147 670 4222 conradus
690 4147 760 4220 ltux
781 4145 949 4220 tracodae
964 4143 1187 4231 attenctcluc,
1210 4143 1318 4218 uittam
1334 4143 1452 4213 &coto
1466 4145 1605 4238 ouon
1620 4146 1815 4242 tutrdouto
1829 4147 1986 4240 ‚apuu
1998 4149 2040 4222 ut

750 4247 833 4322 ornat
847 4246 1063 4338 prouocato
1078 4248 1113 4319 ot
1127 4243 1294 4320 auctiora
1308 4243 1472 4320 mauron
1486 4263 1558 4322 cura
1572 4247 1642 4324 rutt
1655 4249 1702 4336 (¹).

516 4440 626 4524 1253.
674 4433 718 4522 ln
738 4435 1063 4543 nomiocdomini,
1090 4463 1211 4522 amen.
1262 4433 1446 4525 Nouerint
1465 4437 1627 4526 uniuersi
1647 4451 1893 4526 sacrosancte
1912 4441 2042 4528 matris

415 4553 588 4642 Ecclesie
614 4550 675 4669 tttj
708 4553 942 4670 presencium
972 4555 1226 4672 inspectores:
1256 4551 1359 4672 quod
1385 4581 1457 4640 nos
1485 4555 1698 4642 Kazimirus
1723 4553 1812 4642 Dux
1841 4553 2043 4644 Lonchicie

515 4769 557 4854 (Ι)
584 4769 611 4835 Ε
622 4767 723 4834 tabula
734 4767 904 4834 authentica
915 4769 1144 4836 membranacea
1158 4767 1188 4835 io
1198 4768 1345 4836 tabulario
1358 4768 1478 4856 capituti
1488 4769 1731 4837 Vtadidauionsis
1745 4778 1897 4837 assamata
1911 4769 2041 4858 descip-

413 4867 489 4926 tuffl·
524 4853 664 4938 Sittffluffl
678 4853 848 4940 ⁸me2111112
863 4861 955 4919 rcstot
968 4859 1085 4920 unmm
1101 4852 1250 4921 funiculus
1263 4855 1386 4934 sericum,
1399 4875 1461 4942 quo
1474 4875 1641 4943 appensum
1654 4863 1728 4934 erat,
1741 4855 1848 4922 coloris
1862 4855 1940 4922 flavi.
