4984 5930
1060 749 1307 822 ..21..

370 951 523 1055 luerint,
560 950 660 1036 omni
689 962 726 1036 et
754 947 866 1064 plena
893 945 1088 1066 gaudeant
1114 949 1359 1054 immunitate,
1395 947 1499 1038 libari
1528 947 1578 1036 ab
1608 951 1707 1038 omni
1726 949 1892 1068 prediali
1917 954 2004 1042 siue
2088 917 2098 996 *ι

370 1066 562 1186 personali
588 1067 785 1169 seruitute,
814 1093 889 1183 qua
909 1093 1085 1182 umquam
1114 1067 1150 1153 in
1171 1068 1226 1154 eis
1248 1067 1308 1153 uel
1328 1095 1459 1154 corum
1486 1067 1627 1186 prediis
1654 1069 1812 1156 ducibus
1841 1070 2000 1160 Polonic

370 1185 570 1302 competiit,
600 1182 898 1300 uelcompeterc
917 1183 1048 1300 potuit.
1097 1179 1156 1270 lta
1175 1181 1279 1300 quod
1299 1213 1423 1300 neque
1437 1191 1607 1298 merrom}
1628 1215 1753 1304 neque
1769 1219 1906 1300 ponor,
1927 1219 2002 1284 pec
2090 1211 2098 1232 ⁴

277 1362 281 1370 -
369 1300 523 1418 aliquod
548 1298 649 1388 aliud
676 1301 877 1386 seruicium
896 1298 958 1388 uel
978 1299 1188 1404 utilitatem,
1214 1329 1452 1420 quocumque
1474 1301 1661 1390 uocabulo
1682 1319 1924 1410 censeantur,
1950 1305 2000 1392 ab
2081 1383 2086 1403 ,

370 1417 513 1508 eisdem
544 1417 755 1504 bominibus
785 1415 860 1502 dux
890 1429 991 1504 terre
1021 1431 1181 1530 expetet
1232 1416 1313 1504 Sed
1343 1419 1453 1534 ijdem
1481 1418 1651 1509 homines
1681 1423 1883 1538 ascripticij
1915 1452 2001 1510 cum
2070 1459 2078 1483 ·

370 1537 471 1624 omni
501 1534 654 1622 utilitate
681 1550 717 1621 et
745 1535 906 1622 seruicia
936 1546 1076 1622 tantum
1105 1533 1265 1622 dominis
1294 1537 1374 1624 suis
1401 1535 1658 1640 subiacebunt.
1708 1537 1752 1626 lo
1779 1537 1880 1627 nullo
1907 1569 2000 1628 casu
2067 1528 2071 1546 '

369 1653 517 1757 aduce,
540 1653 597 1740 uel
619 1651 668 1738 ab
689 1651 776 1753 alio,
796 1649 845 1738 dc
866 1651 945 1737 eius
960 1649 1152 1757 mandato,
1172 1651 1372 1760 iudicandi;
1393 1652 1463 1742 sed
1485 1653 1742 1742 tantummodo
1764 1655 2000 1744 dominorum

369 1801 522 1860 suorum
543 1766 696 1856 audient
716 1767 873 1872 iudicia,
903 1767 963 1854 uel
984 1797 1127 1874 eorum,
1157 1768 1292 1887 quibus
1313 1799 1381 1858 eos
1403 1769 1541 1860 domiui
1560 1771 1727 1888 ipsorurn
1749 1775 2001 1861 commiserint

369 1885 605 1978 iudicandos·
653 1884 795 1972 Prolati
823 1886 942 1972 eciam
967 1884 1066 1974 dicte
1092 1885 1308 1974 castellania
1333 1887 1523 1992 homines,
1552 1889 1602 1976 ad
1630 1888 1767 1976 nullurn
1796 1891 1999 1978 exercitum

368 2003 560 2095 trahentur
589 2003 709 2107 inuiti,
745 2003 815 2090 nisi
851 2003 1039 2092 exercitus
1073 2018 1278 2123 cogeretur
1312 2004 1362 2092 ad
1397 2021 1498 2094 terre
1528 2005 1798 2115 detonsionem.
1849 2005 1997 2096 Nullum
2064 1987 2076 2115 l

369 2137 534 2212 castrum
562 2149 700 2208 nouum
727 2119 968 2225 edificabunt,
995 2119 1066 2208 sed
1085 2122 1237 2238 antiqua
1264 2137 1418 2240 propter
1443 2121 1697 2210 defensionem
1720 2139 1834 2229 terre,
1861 2153 1998 2212 secun·
2141 2117 2147 2130 ’

368 2239 457 2328 dum
477 2237 580 2358 quod
601 2251 888 2343 consueuorunt,
909 2235 959 2323 ab
979 2240 1132 2358 antiquo
1153 2239 1329 2328 relioient:
1349 2239 1424 2328 boc
1445 2255 1567 2328 umen
1587 2241 1754 2330 adhibito
1775 2241 2001 2330 oroderami·
2025 2325 2040 2350 ¹.

368 2387 434 2460 ne,
461 2355 563 2474 quod
585 2357 621 2440 in
641 2354 852 2442 huiusmodi
872 2356 1087 2459 relectione,
1107 2355 1245 2442 nullum
1266 2355 1499 2464 beneficium,
1521 2358 1622 2476 quod
1645 2359 1850 2476 uulgariter
1870 2353 2003 2472 Suppa
2058 2345 2071 2456 l

368 2489 544 2576 uocatur,
579 2471 628 2558 ab
661 2473 752 2586 ipsis
780 2471 990 2562 bominibus
1025 2473 1208 2587 exigetur.
1260 2470 1344 2561 Nec
1372 2505 1504 2562 omnes
1538 2474 1587 2560 ad
1619 2476 1728 2561 talem
1759 2477 1999 2564 reiectionem

369 2604 566 2710 cogentur,
587 2585 657 2676 sed
706 2602 931 2704 uotcurnque
951 2587 1146 2692 coluerint,
1173 2587 1377 2678 dummodo
1398 2619 1495 2707 opus
1516 2589 1713 2706 perficiant
1732 2607 2000 2708 competenter.

369 2709 461 2798 ltem
482 2706 569 2811 dux,
598 2705 661 2839 qui
679 2619 796 2792 luerit
814 2732 885 2822 pro
906 2717 1086 2820 tempore,
1114 2731 1189 2790 nnn
1211 2704 1380 2791 transibit
1398 2736 1468 2822 per
1489 2705 1743 2793 castellaniam
1764 2707 1813 2794 de
1842 2714 1999 2821 Voybor,
2073 2804 2077 2827 ι

369 2827 440 2914 uisi
470 2821 587 2912 sernel
615 2853 651 2908 m
671 2850 791 2928 anno,
822 2835 859 2908 et
879 2835 967 2908 tunc
986 2817 1251 2939 procurabitur
1276 2833 1314 2908 et
1333 2820 1490 2910 ducetur
1510 2851 1594 2909 cum
1615 2834 1672 2910 tot
1690 2823 1879 2930 curribus,
1901 2838 2001 2960 quot
2067 2855 2076 2882 ¹

370 2955 479 3032 erunt
505 2943 541 3029 in
562 2938 791 3026 castellania.
830 2937 925 3026 Aliis
946 2953 1070 3026 autern
1090 2937 1246 3044 uicibus,
1268 2939 1601 3058 quotienscumque
1621 2941 1816 3046 transierit,
1836 2955 1999 3059 pertuen-

370 3061 463 3148 rium
481 3055 535 3170 (²)
558 3055 795 3146 solummodo
816 3053 1021 3162 deducent,
1051 3067 1087 3142 et
1109 3085 1220 3142 unum
1241 3071 1459 3144 uenatorem
1480 3055 1753 3174 procurabunt,
1774 3089 1845 3146 nec
1865 3089 2000 3148 currus

370 3177 502 3296 prelati
522 3173 757 3264 ultrametas
778 3171 994 3261 castellania
1014 3171 1215 3260 trahentur.
1249 3171 1293 3259 ln
1314 3173 1418 3262 siluis
1438 3189 1563 3262 autem
1583 3171 1632 3262 de
1651 3179 1800 3288 Voylror
1819 3205 1891 3264 nec
1910 3175 1999 3283 dux,
2080 3175 2089 3234 ·’

370 3324 442 3382 nec
473 3291 568 3380 alius
596 3321 665 3410 pro
695 3292 779 3408 ipso
811 3288 1026 3396 uenabitur,
1060 3290 1131 3378 nisi
1164 3319 1250 3378 cum
1276 3291 1398 3407 ipsum
1427 3289 1514 3378 indo
1534 3291 1695 3380 transire
1715 3293 1933 3412 contigerit,
1962 3310 2001 3382 et

371 3441 517 3500 moram
542 3409 592 3496 ibi
618 3437 695 3496 nnn
720 3407 833 3494 faciet
852 3419 1007 3524 proptor
1027 3409 1289 3514 uenacionem,
1312 3437 1385 3496 nec
1405 3407 1500 3496 alias
1519 3437 1687 3517 manens,
1708 3409 1794 3496 illuc
1815 3411 1930 3500 mittet
1948 3407 1999 3498 ad

371 3525 594 3637 uenandum.
643 3525 829 3612 Homines
850 3524 968 3612 eciam
989 3523 1039 3612 da
1066 3529 1214 3640 Voplor
1240 3525 1276 3612 in
1296 3525 1381 3644 ipsa
1407 3525 1493 3613 uilla
1513 3525 1770 3615 tantummodo
1790 3527 2000 3616 habitantes
2118 3563 2136 3595 f

277 3749 280 3754 ,
372 3649 475 3736 circa
495 3641 715 3748 ecclesiam,
746 3669 792 3730 eo
812 3641 1005 3776 gaudeant
1024 3641 1240 3761 priuilegio,
1271 3641 1372 3761 quod
1393 3641 1549 3760 inipso,
1572 3673 1648 3762 quo
1669 3643 1718 3731 ad
1739 3646 1819 3732 iura
1841 3644 2000 3748 ducalia,
2049 3654 2078 3700 ·‘

371 3761 537 3851 eiusdem
567 3761 640 3848 sint
668 3758 848 3846 libertatis
879 3773 917 3846 et
942 3759 1195 3864 condicionis,
1224 3758 1332 3846 liberi
1358 3789 1442 3846 cum
1469 3761 1569 3848 ascri
1598 3761 1711 3869 ticiis3
1742 3776 1779 3849 et
1803 3791 1827 3848 a
1855 3762 2000 3848 nemina

371 3878 633 3968 iudicabuntur
652 3889 779 3995 preter
794 3873 928 3964 ducem
945 3905 1030 3964 cum
1046 3877 1239 4080 episcopo,
1259 3875 1321 3963 uel
1341 3877 1509 3996 episcopi
1523 3791 1687 3966 tribuno:
1708 3893 1746 3964 et
1764 3878 1839 3964 hoc
1859 3891 2000 3964 tantum
2069 3869 2079 3947 ἕ

371 3995 585 4085 indunbus
613 3993 787 4098 casibus,
819 4023 902 4082 cum
929 3991 1102 4082 uidelicet
1131 3993 1276 4082 soucio
1305 4023 1350 4082 se
1378 3991 1544 4082 extendit
1568 3993 1619 4082 ad
1645 3993 1763 4082 LXX.
1792 4021 1942 4080 marcas
1964 4007 2001 4082 et
2070 3999 2089 4097 l
2106 4077 2147 4121 f
2279 4085 2284 4092 ,

271 4143 456 4268 seem
484 4113 672 4231 perticarij
704 4110 812 4198 ducis
841 4111 877 4198 in
898 4113 979 4200 aius
1006 4111 1159 4200 transitu
1188 4109 1237 4198 de
1264 4109 1397 4198 eadem
1419 4111 1504 4198 uilla
1526 4109 1772 4228 depelluntur.
1823 4109 1894 4196 Set
1913 4125 2001 4196 tunc
2290 4134 2295 4159 ²

370 4261 446 4320 nou
468 4229 680 4318 citabuntur
699 4227 749 4316 ad
771 4227 905 4314 ducem
927 4257 997 4347 per
1017 4229 1281 4334 camerarium,
1312 4226 1381 4315 sed
1402 4257 1622 4345 percorum
1643 4217 1849 4340 Superum,
1878 4227 1999 4315 littera
2057 4241 2067 4307 t

372 4347 479 4436 ducis
508 4346 558 4436 ad
590 4375 673 4433 eum
704 4346 935 4433 transmissa.
986 4342 1038 4430 Et
1066 4345 1102 4430 in
1132 4343 1203 4432 biis
1233 4343 1387 4432 casibus
1405 4344 1614 4462 judicatum
1642 4341 1718 4430 dux
1743 4373 1813 4462 per
1838 4344 2000 4432 medium

371 4463 513 4554 diuidet
547 4493 631 4552 curn
666 4463 860 4581 episcopo.
916 4461 1013 4553 lteri,
1035 4459 1148 4548 liberi
1183 4461 1354 4549 homines
1389 4459 1506 4580 ipsius
1541 4461 1757 4550 castellania
1792 4474 1999 4550 ceterarum

370 4581 541 4670 uillarum
562 4611 586 4670 a
607 4579 707 4670 nullo
723 4579 1002 4697 judicabuntur,
1022 4577 1091 4668 nisi
1111 4577 1161 4666 ab
1181 4577 1266 4698 ipso
1286 4577 1396 4667 duce.
1444 4577 1596 4668 Nullum
1616 4579 1842 4670 conductum
1863 4578 2003 4670 ducent

471 4847 508 4931 (²)
537 4845 726 4924 Perticarius,
739 4843 900 4932 apparitor,
913 4865 932 4912 a
946 4793 1058 4932 pertica
1071 4863 1126 4912 acu
1139 4845 1233 4930 virga.
1258 4843 1372 4914 Gallico
1385 4844 1522 4924 Bodecn,
1533 4855 1732 4932 pomoerpe
1752 4841 1828 4910 Vide
1842 4841 1997 4927 Dncaogo.
