4922 5936
1132 735 1410 811 -ottu-

559 943 603 1030 ln
632 969 791 1062 qnorum
820 939 982 1028 omnium
1002 937 1116 1026 fidem
1145 951 1183 1024 et
1212 937 1459 1026 testimonium
1481 937 1761 1054 premissorum,
1782 967 1944 1058 presens
1964 956 2087 1032 uaos-

455 1073 641 1181 sumptum
662 1059 774 1180 sigilli
793 1059 912 1164 nostri
933 1057 1166 1177 appensione
1186 1072 1244 1144 est
1265 1055 1539 1142 communitum.
1581 1054 1728 1142 Actum·
1739 1071 1777 1142 et
1796 1056 1923 1145 datum
1940 1060 1976 1146 in
1993 1065 2087 1178 Pyr.

457 1189 538 1268 tou
559 1175 629 1292 (²),
652 1181 723 1266 sub
742 1205 844 1265 anno
864 1207 888 1264 a
906 1177 1099 1264 nativitate
1120 1174 1259 1262 domini
1280 1173 1476 1262 millesimo
1496 1171 1871 1292 quadringentesimo
1896 1179 2086 1270 tricesimo

345 1375 348 1382 .
454 1299 591 1420 primo,
621 1295 810 1384 indicione
829 1323 947 1402 nona,
978 1293 1217 1412 pontificatus
1238 1292 1464 1380 sanctissimi
1489 1293 1527 1378 in
1555 1290 1706 1379 Christo
1733 1295 1852 1410 patris
1882 1309 1920 1380 et
1949 1296 2087 1388 domini

455 1416 576 1506 nostri
596 1414 736 1508 domini
756 1413 919 1520 Martini,
941 1412 1067 1500 divina
1088 1409 1332 1530 providencia
1354 1409 1463 1528 Pupe
1484 1411 1609 1528 quinti,
1636 1439 1737 1497 anno
1756 1409 1890 1518 Xttlv,
1911 1413 1973 1504 die
1992 1447 2086 1506 vero

456 1535 567 1624 lovis
586 1533 643 1621 Xl
662 1533 805 1621 mensis
825 1531 1014 1648 Januarij,
1046 1531 1141 1618 hora
1164 1531 1360 1617 terciarum
1381 1527 1442 1616 vel
1462 1529 1590 1641 quasi,
1622 1531 1659 1616 in
1678 1529 1788 1617 stuba
1818 1533 1968 1630 maiori,
1997 1565 2086 1654 pre-

455 1651 625 1742 sentibus
645 1667 824 1740 strennuo
846 1649 1010 1738 domino:
1031 1647 1232 1764 Zawyssio
1254 1647 1303 1733 de
1324 1653 1529 1734 amotum
1551 1646 1746 1734 subiudice
1763 1663 1862 1736 terre
1882 1651 2086 1740 Sandomi·

454 1772 609 1876 riensis,
631 1785 668 1858 et
688 1767 897 1856 honorabili
917 1770 1000 1855 viro
1021 1766 1174 1854 domino
1195 1765 1301 1852 Sand
1323 1765 1595 1853 Scolasticoin
1615 1771 1809 1881 Konslrye,
1829 1798 1876 1855 ac
1896 1770 2083 1859 nobilibus

455 1887 610 1978 Andrea
630 1887 680 1974 de
699 1893 930 1987 mutavero,
961 1885 1143 1972 Janussio
1173 1883 1220 1972 de
1240 1891 1512 1998 Neprowycze,
1536 1882 1765 1971 Paschlrone
1794 1885 1843 1974 de
1862 1891 2084 1990 Przeczslo-

453 2040 578 2122 wpcze
599 2021 635 2094 et
655 2003 818 2176 Nicolap
838 2003 887 2092 de
915 2011 1021 2118 Vyele
1040 2004 1259 2123 armigeris,
1289 2003 1447 2092 testibus
1467 2002 1517 2090 ad
1538 2004 1723 2120 premissa
1744 2006 1890 2093 vocatis
1909 2005 2085 2124 speciali·

453 2141 511 2216 ‘er
531 2126 770 2355 elSrdldlllEl
787 2131 864 2358 dgo
883 2239 1078 2327 lohannes
1098 2237 1253 2329 Andree
1274 2238 1323 2325 de
1347 2244 1505 2353 Crobyn,
1522 2240 1692 2328 Clericus
1709 2240 1982 2331 Poznaniensis
2003 2243 2084 2330 dio·

455 2360 579 2466 cusis,
609 2359 780 2477 publicus
796 2358 986 2475 -lmperiali
1007 2357 1246 2464 auctoritate,
1268 2386 1316 2443 ac
1336 2359 1468 2474 prelati
1488 2356 1704 2446 Reverendi
1725 2359 1761 2445 in
1783 2359 1935 2448 Christo
1955 2361 2083 2448 Patris

455 2493 494 2565 et
512 2475 651 2564 domini
671 2476 809 2564 domini
830 2475 1015 2564 dohannis
1038 2475 1314 2592 archiepiscopi
1342 2474 1604 2594 Leopoliensis
1632 2478 1822 2566 notarius:
1870 2477 1975 2592 Quia
1996 2509 2082 2596 pre·

454 2595 579 2684 missis
607 2593 790 2714 privilegij
821 2596 1064 2714 transsumpti
1092 2595 1284 2711 peticioni,
1314 2595 1460 2682 eteius
1493 2593 1665 2702 decreto,
1705 2595 1864 2715 alijsque
1892 2597 2083 2704 omnibus,

454 2711 542 2801 dum
562 2713 619 2801 sic
639 2726 679 2798 ut
698 2713 916 2828 premittitur
935 2726 1142 2832 agerentur
1161 2725 1200 2799 et
1218 2712 1368 2819 tierent,
1389 2743 1464 2799 una
1484 2743 1568 2799 cunr
1588 2716 1795 2832 prenotatis
1816 2715 1973 2803 testibus
1992 2745 2081 2834 pre·

454 2861 547 2922 sons
566 2831 728 2937 interlui,
749 2856 871 2943 eaque
892 2829 948 2918 sic
968 2829 1049 2918 lieri
1068 2829 1145 2917 vidi
1166 2844 1203 2917 et
1222 2829 1367 2935 audivi,
1388 2830 1551 2944 ideoque
1567 2831 1642 2919 hoc
1661 2833 1941 2920 instrumentum
1962 2847 2082 2920 trans·

454 2951 591 3067 sumpti
620 2947 805 3067 publicum
837 2977 948 3036 manu
979 2979 1062 3036 mea
1090 2949 1242 3067 propria
1275 2951 1473 3066 scriptum,
1505 2948 1758 3040 demandato
1789 2953 1922 3068 prelati
1942 2951 2083 3040 domini

371 3135 376 3144 .
454 3066 639 3155 Johannis
667 3066 920 3185 arhiepiscopi
948 3066 1083 3154 exinde
1109 3067 1256 3154 conleoi
1284 3083 1321 3156 et
1348 3067 1385 3155 in
1413 3065 1512 3155 hano
1539 3069 1727 3186 publicam
1748 3071 1906 3156 lormam
1929 3069 2081 3188 redegi,

454 3187 567 3304 signo
587 3200 626 3272 et
645 3185 908 3272 nomine·meis
928 3185 1047 3272 solitis
1068 3200 1105 3272 et
1125 3185 1337 3292 consuetis,
1368 3215 1442 3272 uno
1464 3214 1549 3274 oum
1578 3187 1755 3276 antedicti
1781 3186 1981 3277 reverendi
2012 3215 2082 3306 pa·

453 3305 522 3392 tris
542 3301 680 3390 domini
699 3301 883 3390 Johannis
903 3303 1178 3421 archiepiscopi
1205 3305 1438 3422 appensione
1457 3305 1568 3440 sigilli
1589 3306 1832 3427 consignavi,
1863 3321 2020 3426 rogatus
2045 3319 2083 3392 et

454 3423 675 3534 requisitus,
706 3422 741 3508 in
761 3419 876 3510 fidem
896 3449 945 3510 ac
964 3423 1213 3512 testimonium
1235 3425 1396 3510 omnium
1418 3437 1454 3510 et
1474 3424 1708 3544 singulorum
1729 3425 2008 3545 premissorum.

557 3741 599 3909 (Ἰ
625 3741 701 3807 Villa
718 3742 777 3808 'am
791 3743 829 3808 ad
844 3763 958 3810 annum
976 3743 1057 3812 taut
1071 3745 1125 3813 Ν*θ
1147 3741 1267 3814 couvi
1282 3765 1311 3830 p.
1326 3744 1386 3812 vat
1404 3743 1562 3832 descripta,

558 3827 585 3908 (⁸
628 3825 715 3891 Roez
793 3827 862 3893 villa
876 3829 1016 3894 territorii
1030 3829 1200 3914 ctregionis
1212 3828 1438 3914 Opotoviensis:
1452 3829 1588 3896 moesto
1598 3827 1740 3916 oppidum
1752 3829 1895 3896 territorii
1907 3827 2083 3916 Opoeznen·

454 3911 513 3987 sis;
533 3909 683 3977 meieo
705 3911 846 3976 territorii
868 3919 900 3979 ot
913 3913 1045 3997 regionis
1064 3912 1331 3988 Sandomirionsis;
1352 3913 1394 3979 N
1394 3915 1401 3932 '
1505 3916 1543 3980 'e
1560 3913 1703 3982 territorii
1722 3914 1964 3989 Mieclnovianoim
1983 3913 2081 3980 Prte-

305 3989 308 3996 ’
455 3995 573 4062 elmor'co
587 3995 707 4062 ibidem.
739 3990 903 4082 Vpelcsine
917 3996 1012 4064 dubio
1031 3997 1155 4084 Woelqr'e
1169 3997 1235 4064 ville
1251 3998 1394 4066 territorii
1436 3999 1633 4098 paturiensim
1652 3999 1768 4068 Krobr'rc
1780 3998 1923 4090 oppidum
1937 3997 2080 4066 tenitorii

454 4079 683 4162 Poonaniemis,
697 4080 829 4168 regionis
843 4081 890 4152 sui
904 4082 1036 4150 nominis
1050 4089 1149 4171 eaput,
1164 4083 1194 4149 in
1209 4083 1251 4151 ll
1267 4083 1304 4151 D.
1319 4083 1527 4188 Posnuorensi.
