4896 5926
1119 729 1395 804 -116-

249 931 255 942 ’
441 961 655 1050 sponsum
674 927 845 1019 vinnon
865 928 914 1018 n
934 941 1043 1048 pne
1063 927 1281 1018 tornines
1301 929 1402 1019 mn
1421 929 1618 1052 ingane
1635 927 1953 1050 offentonam
1973 899 2074 1022 ren

440 1051 630 1142 Nessinus
647 1049 831 1138 metente
849 1051 965 1136 tenuit
983 1047 1176 1136 violenter.
1226 1047 1354 1166 ipsam
1375 1049 1492 1149 eoiom
1515 1047 1730 1165 hereditatis
1750 1061 1906 1166 partem,
1927 1064 1964 1140 et
1985 1054 2071 1141 reli·
2099 1088 2101 1100 ·

557 1183 684 1290 portes
705 1165 804 1256 dioto
823 1165 1060 1272 hereditatis,
1140 1194 1187 1253 es
1204 1166 1340 1254 iratres
1360 1160 1529 1285 ejusdem
1556 1163 1734 1283 Nessiey,
1763 1164 1937 1256 videlieet
1962 1166 2071 1257 Sdis·

441 1199 556 1394 11113,
576 1285 758 1375 Niooleoe
773 1297 810 1371 et
825 1285 964 1374 Petrus
984 1196 1190 1402 possidiint,
1211 1285 1377 1403 prefatus
1396 1286 1517 1374 nhbee
1539 1297 1577 1370 et
1596 1287 1655 1372 eoi
1675 1287 1810 1373 iretree
1829 1283 1880 1373 od
1900 1299 2072 1376 monn

443 1405 679 1495 Gotirerdnm
707 1417 883 1494 esserunt
910 1404 1114 1522 pertinere:
1143 1403 1227 1520 ipso
1247 1405 1345 1490 onim
1369 1402 1471 1490 dioto
1495 1401 1686 1490 hereditas
1714 1400 1765 1489 nd
1790 1418 1961 1491 sanetum
1981 1406 2072 1494 Go-

441 1522 613 1612 thnrdum
644 1523 803 1644 pertinet
834 1552 882 1609 ex
910 1522 1075 1641 antiqno.
1125 1520 1303 1609 Prediote
1339 1522 1452 1641 igitur
1485 1519 1695 1626 heredites,
1730 1520 1885 1610 domino
1919 1519 2072 1634 Abbete

441 1643 595 1760 suisque
627 1640 802 1730 tratribus
829 1669 959 1728 eorem
989 1639 1099 1728 nobis
1128 1655 1165 1728 et
1191 1639 1305 1727 irotre
1330 1653 1463 1728 nostro
1493 1638 1707 1745 Premielio,
1738 1639 1923 1758 simulque
1950 1655 2071 1730 mntre

343 1755 350 1764 ’
441 1775 572 1849 nostre
608 1758 847 1848 dilectissime
883 1758 1087 1861 stantibus,
1125 1787 1195 1875 per
1230 1787 1301 1844 nos
1337 1772 1565 1876 nostrosque
1600 1756 1765 1844 barones
1793 1757 1899 1874 justo
1927 1757 2071 1876 judicio

441 1873 657 1996 edjudioote
677 1890 738 1964 est
757 1874 909 1962 domino
938 1875 1095 1980 Abbati,
1124 1875 1280 1992 suisque
1305 1875 1500 1978 iratribus,
1529 1875 1597 1977 ite,
1624 1889 1665 1961 ut
1683 1877 1765 1992 ejus
1837 1879 2069 1964 ssessionem

441 1995 577 2082 Abbes
605 1992 797 2112 predictus
824 2005 965 2097 teneat,
996 1989 1183 2080 Nessleos
1212 2008 1336 2080 entem
1367 2023 1452 2080 oum
1482 2020 1530 2079 eo
1560 1990 1750 2082 diffinitive
1830 2006 1866 2078 te
1897 1993 1953 2081 sio
1981 2023 2071 2082 sen·

442 2113 566 2198 tenoin
606 2107 785 2198 ammodo
825 2109 874 2197 eb
910 2139 958 2196 ee
992 2110 1061 2215 sit,
1102 2108 1260 2225 adjectis
1295 2109 1579 2198 condicionibus
1619 2109 1812 2214 omnibus,
1852 2109 2070 2219 absolutum

440 2237 615 2346 protecto
651 2228 770 2314 eoiem
805 2223 972 2318 Nessteo
1008 2224 1056 2312 do
1086 2227 1241 2313 termino
1276 2227 1547 2343 peremptorio,
1588 2255 1612 2314 a
1648 2227 1757 2314 nobis
1792 2228 1939 2346 utrique
1975 2231 2070 2346 perti

443 2347 660 2462 assignato,
689 2344 915 2448 reluctante,
943 2355 1075 2431 nostro
1096 2343 1307 2431 testimonio
1326 2374 1396 2462 per
1416 2345 1614 2430 Dominum
1635 2343 1823 2432 Abbetem
1844 2361 1973 2434 nostre
1993 2375 2070 2434 me-

443 2463 562 2551 morie
582 2475 774 2568 revocato,
795 2459 917 2548 dietus
937 2457 1124 2550 Nessinus
1145 2460 1340 2548 convietus
1360 2476 1433 2549 est:
1460 2491 1545 2548 eum
1565 2463 1759 2550 terminum
1780 2466 2070 2582 peremptorium

442 2579 643 2684 habuisse3
672 2577 720 2666 de
740 2579 848 2694 eujus
875 2577 1041 2666 veritatis
1069 2577 1315 2712 inquisicione
1344 2576 1405 2664 die
1434 2575 1535 2665 dioto
1557 2575 1612 2664 'ed
1634 2607 1706 2667 nos
1726 2580 1845 2686 teoto,
1874 2579 2012 2668 Comes
2032 2597 2071 2668 et

442 2696 639 2785 Palatinus
668 2709 797 2784 noster
830 2693 1029 2782 Bronisins
1059 2695 1175 2784 extitit
1202 2693 1395 2784 mediator.
1447 2694 1624 2784 Berones
1652 2725 1745 2784 vero
1774 2697 1910 2802 nostri,
1936 2711 2069 2785 nostro

442 2813 570 2903 audito
591 2813 814 2919 testimonio,
840 2841 969 2901 eorem
990 2809 1111 2914 nobis,
1132 2827 1250 2899 matre
1271 2827 1399 2900 nostre
1421 2827 1457 2900 et
1477 2811 1601 2917 fratre,
1622 2811 1792 2900 seeundo
1812 2809 2071 2928 adjudicarunt

276 2979 281 2999 ‚
443 2961 529 3020 enm
554 2937 699 3051 partem
727 2931 865 3018 intoto
890 2927 1055 3018 Domino
1082 2926 1238 3032 Abbati,
1265 2957 1376 3047 quem
1398 2926 1585 3018 Nessiaus
1606 2929 1728 3020 dietus
1748 2930 1915 3020 noscitur
1935 2959 2070 3049 posse·

442 3048 558 3138 disse
604 3047 670 3136 Ne
695 3049 807 3168 igitur
834 3045 1047 3164 hujusmodi
1075 3059 1243 3133 nostnrm
1256 3137 1264 3150 ,
1265 3045 1447 3164 judicium
1472 3047 1655 3166 quispiam
1676 3063 1816 3136 temere
1836 3054 1871 3152 [1
1893 3049 2071 3144 temnere]

443 3168 580 3284 possit,
610 3180 676 3252 eut
701 3177 922 3282 attemptare
951 3176 1160 3281 presumat,
1189 3179 1386 3281 presentes
1415 3162 1575 3268 litteras,
1603 3165 1639 3251 in
1667 3163 1784 3254 robur
1809 3163 2070 3272 firmissimum,

442 3283 562 3372 nostri
582 3281 703 3402 sigini,
723 3295 762 3368 et
780 3280 903 3416 eigiilo
924 3283 1052 3416 metris
1071 3293 1201 3415 nostre
1221 3279 1460 3424 dilectissime
1480 3283 1678 3416 monimine
1698 3281 1871 3420 nolumus
1886 3283 2068 3418 roborari.

357 3496 371 3525 „
442 3397 2071 3652 11111101111111111111111111111111111111131111111

443 3633 533 3721 leno
560 3633 849 3740 Crnswrmensr,
885 3633 1039 3724 dommo
1072 3633 1239 3723 Suffndo
1270 3634 1579 3723 Snboenoelleno
1607 3649 1738 3725 nostre
1767 3637 1888 3740 ourie,
1924 3650 1962 3725 et
1987 3629 2071 3726 alite

442 3778 556 3871 quem
577 3749 744 3870 pluribus
763 3749 840 3840 fide
859 3751 996 3872 dignis.
1042 3750 1084 3838 ln
1105 3749 1165 3839 die
1185 3751 1315 3840 Senoti
1334 3752 1522 3870 Stenieley
1543 3754 1581 3840 in
1600 3751 1716 3842 domo
1737 3752 1897 3872 Capitolii
1916 3753 2070 3842 fratrum

442 3870 646 3974 minorum,
673 3897 775 3960 enno
795 3867 935 3958 domini
954 3867 1012 3958 M⁰
1033 3867 1340 3958 cc0xc011110.
1512 3883 1520 3898 ·
2019 3955 2023 3967 ,

542 4155 581 4240 (³)
608 4153 681 4223 Sine
695 4151 787 4223 dubio
800 4151 869 4222 vitta
882 4147 975 4240 Lim-'o
987 4152 1130 4227 territorii
1144 4151 1378 4240 Bydgoetieneie,
1391 4149 1523 4239 regionis
1536 4171 1610 4220 nero
1623 4137 1953 4221 tunintenistanensnj
