4926 5940
1065 726 1340 800 ...405-

390 932 499 1022 luerit
518 943 585 1018 aut
601 929 754 1034 luerint,
783 938 849 1014 aut
869 923 974 1016 dicto
1003 927 1157 1016 domiuo
1185 925 1382 1044 Episcopo
1412 949 1481 1012 seu
1500 927 1740 1043 procuratori
1770 955 1841 1014 suo
1859 927 2017 1046 impedi·

390 1063 553 1140 mentum
574 1046 726 1164 aliquod
748 1044 998 1164 prestiteritis,
1029 1047 1229 1165 prestiterit
1250 1072 1318 1130 seu
1335 1043 1577 1160 prestiterim,
1608 1044 1668 1132 vel
1690 1043 1927 1162 impediendo
1947 1050 2019 1136 bu·

391 1167 553 1256 iusmodi
578 1163 759 1254 dederitis
786 1171 980 1270 auxilium,
1011 1165 1204 1252 consilium
1232 1161 1292 1250 vel
1312 1165 1500 1266 levorem,
1530 1160 1678 1279 publice
1697 1163 1759 1252 vel
1780 1163 1938 1268 occulte,
1960 1167 2017 1256 di·

390 1298 495 1374 recte
515 1287 576 1375 vel
599 1283 789 1388 indirecte,
806 1285 943 1408 quovis
958 1285 1106 1402 quesite
1121 1282 1262 1384 colore,
1279 1309 1350 1370 neo
1369 1311 1446 1368 nnn
1458 1281 1494 1370 iu
1509 1279 1809 1368 contradictores
1831 1283 2019 1400 quoslibet

391 1420 428 1510 et
447 1403 610 1490 rebelles
630 1403 902 1524 cuiuscumque
922 1399 1133 1522 dignitatis,
1164 1415 1306 1504 statum,
1335 1399 1499 1517 gradus,
1531 1399 1675 1488 ordinis
1701 1400 1762 1486 vel
1783 1399 2017 1492 condicionis

392 1523 562 1625 existant
584 1521 696 1619 salvo
715 1523 799 1638 (sic)
810 1521 1078 1612 moderaciouc
1099 1519 1347 1634 infrascripta,
1363 1519 1603 1636 singulariter
1616 1519 1652 1604 in
1669 1517 1849 1637 singulos,
1866 1547 2017 1639 aepre-

392 1640 518 1728 sertim
539 1641 575 1726 in
597 1640 764 1755 prelatus
785 1638 1053 1760 proconsules,
1085 1637 1262 1724 consules
1284 1651 1321 1724 et
1342 1637 1527 1753 opidanos
1544 1635 1959 1745 excommunicacionis,
1975 1640 2017 1728 iu

393 1758 670 1848 universitatem
692 1786 785 1847 vero
806 1760 895 1846 dicti
917 1756 1018 1874 opidi
1051 1760 1249 1852 Gdunczlc,
1280 1757 1540 1870 suspensionis
1570 1783 1595 1840 a
1625 1752 1774 1845 divinis,
1804 1759 2023 1846 sentencias·

391 1876 541 1962 ierimus
562 1876 597 1960 in
612 1873 683 1990 hijs
703 1879 864 1994 scriptis,
886 1889 924 1962 et
940 1876 1058 1962 eciam
1079 1874 1376 1991 promulgamus.
1795 1939 1799 1944 -

404 2055 409 2062 ·
488 1988 542 2076 Et
562 1991 594 2078 si
613 1993 763 2100 lumen,
795 1994 898 2114 quod
919 2024 998 2082 nen
1018 1989 1229 2097 oredimus,
1261 1991 1393 2108 prelati
1413 1989 1681 2106 proconsules,
1713 1992 1918 2097 consules,
1934 1994 2017 2110 upi-

392 2107 480 2196 daui
500 2123 537 2195 et
556 2109 782 2198 universitas
811 2113 913 2229 opidi
944 2113 1140 2210 Gddnezle,
1170 2123 1235 2196 aut
1255 2110 1337 2228 alijs
1366 2109 1450 2219 (sic)
1480 2107 1778 2208 contradictores
1797 2126 1836 2222 ¹ct
1855 2109 2017 2201 rebelles

391 2227 430 2312 in
449 2226 521 2314 buc
540 2239 667 2344 perte,
689 2229 901 2318 huiusmodi
922 2228 1065 2316 nostris
1085 2227 1330 2342 processibus
1352 2241 1389 2314 et
1406 2226 1619 2331 ‘mandatis,
1650 2227 1687 2314 in
1708 2227 1872 2314 terminis
1893 2230 2018 2345 prela·

391 2346 448 2449 tis,
469 2373 543 2430 non
565 2349 773 2459 paruerint,
806 2347 934 2433 dictas.
948 2345 1352 2431 excommunicacionis
1382 2359 1420 2428 et
1439 2346 1700 2457 suspensionis
1728 2347 1942 2434 sentencias
1962 2347 2018 2437 in·

315 2563 317 2566 ¹
392 2460 600 2559 evomendo,
632 2477 768 2547 extunc
787 2491 860 2550 vos
881 2491 1014 2549 omnes
1034 2471 1073 2544 et
1086 2461 1260 2578 singulus
1280 2459 1538 2578 supradictus,
1561 2475 1598 2546 et
1618 2463 1814 2574 presertim
1836 2463 2019 2554 ccclesia-

390 2581 510 2668 sticas
530 2605 716 2694 personas
736 2591 775 2664 et
788 2592 955 2668 vestrum
972 2578 1171 2696 quemlibet
1186 2580 1408 2696 requirimus
1423 2592 1462 2666 et
1476 2605 1671 2666 monemus
1687 2576 1819 2693 primo,
1835 2581 2018 2688 secundo,

390 2698 509 2784 tercio
530 2709 568 2782 et
586 2697 852 2812 peremptorie,
867 2697 982 2789 vobis
1004 2709 1043 2784 et
1061 2711 1228 2784 vestrum
1249 2696 1399 2784 cuilibet
1418 2699 1455 2784 in
1474 2698 1610 2785 virtute
1630 2708 1763 2782 sancte
1781 2693 2023 2807 obediencie,
2108 2735 2111 2744 ·

392 2827 427 2901 et
449 2813 520 2900 sub
541 2814 785 2930 infrascriptis
805 2817 912 2931 penis
934 2815 1098 2907 districte
1127 2814 1370 2932 precipiendo
1390 2813 1632 2916 mandamus,
1664 2813 1837 2929 quatinus
1858 2814 2016 2934 siugulis

391 2930 524 3018 diebus
545 2931 741 3020 dominicis
761 2949 801 3021 ct
818 2935 972 3040 lestinis,
993 2935 1030 3021 iu
1045 2935 1181 3027 vestris
1198 2933 1392 3050 ecclesijs,
1412 2934 1653 3048 monasterijs
1674 2943 1708 3015 et
1732 2933 1923 3048 cappellis,
1943 2933 2017 3042 ubi,

391 3046 544 3164 quando
573 3063 610 3134 et
630 3053 812 3166 quociens
840 3081 937 3169 opus
958 3051 1076 3153 luerit,
1108 3079 1156 3137 ao
1174 3052 1341 3170 requisiti
1359 3053 1500 3138 fueritis
1520 3079 1589 3139 seu
1607 3048 1704 3138 alter
1723 3062 1889 3136 vestrum
1910 3052 2019 3139 luerit
2049 3101 2055 3123 ι

390 3167 604 3283 requisitus,
635 3170 728 3254 infra
748 3171 946 3258 missarum
968 3168 1182 3275 sollemnia,
1203 3170 1373 3286 prelatos
1394 3170 1592 3274 consules,
1612 3165 1864 3286 proconsules
1879 3182 1916 3255 et
1935 3171 2016 3286 upi-

392 3281 536 3397 danus,
565 3285 736 3404 aliosque
757 3286 1058 3375 contradictores
1085 3301 1122 3374 et
1142 3286 1316 3388 rebelles
1337 3289 1393 3374 sic
1413 3289 1778 3392 excommunicatos,
1799 3316 1847 3373 ac
1866 3285 2017 3375 univer·

344 3431 347 3438 ’
391 3404 537 3492 sitalem
560 3401 646 3490 dicti
662 3405 770 3521 opidi
794 3411 984 3512 Gdunczlr,
1005 3436 1028 3493 a
1050 3405 1183 3492 divinis
1204 3408 1444 3522 suspensarj,
1466 3420 1504 3493 et
1523 3407 1572 3493 ab
1593 3405 1676 3522 alijs
1705 3399 1850 3491 iacietis
1871 3399 2019 3519 publice

390 3520 580 3636 nunciarj,
612 3521 737 3609 donec
757 3537 794 3610 et
815 3549 1012 3642 quousque
1031 3522 1251 3610 beneficium
1273 3523 1529 3612 absoluciouis
1550 3551 1664 3639 super
1685 3522 1877 3642 premissis
1894 3549 2019 3609 meru·

391 3638 486 3722 erint
500 3639 771 3745 obtinere,eut
789 3641 891 3728 aliud
911 3672 934 3728 a
955 3641 1074 3745 nobis,
1092 3641 1151 3727 vel
1168 3641 1353 3760 superiuq'
1374 3657 1516 3747 nostro,
1538 3642 1740 3736 habueritis
1761 3639 2017 3728 iumandatis.

440 3835 443 3840 .
492 3754 533 3843 Si
557 3785 646 3844 veru
677 3759 810 3874 prelati
842 3759 1111 3876 proconsules,
1142 3758 1340 3865 consules,
1373 3759 1524 3877 opidani
1555 3777 1592 3848 et
1619 3759 1845 3846 universitas
1874 3757 2032 3846 denua·-

292 3931 297 3937 -
391 3873 599 3961 cincinnum
620 3874 830 3962 huiusmodi
851 3877 1071 3994 perdecem
1093 3877 1175 3964 dies
1195 3877 1455 3984 sustinuerint,
1487 3895 1623 3966 extunc
1643 3903 1849 3994 processus
1864 3888 2019 3962 nostrus

390 4017 611 4106 aggravare
631 3993 811 4100 volentes,
832 3996 941 4083 vobis
963 3997 1134 4083 untuibus
1164 4009 1200 4080 et
1222 3996 1380 4112 singulis
1401 3996 1637 4110 supradictis,
1660 4010 1694 4080 et
1716 3994 1798 4107 alijs
1821 3991 1957 4080 Christi
1977 3992 2018 4079 le

393 4103 550 4206 delibus,
571 4107 621 4192 ad
642 4139 801 4222 quorum
816 4113 988 4198 noticiam
1004 4126 1200 4226 presentes
1217 4125 1347 4198 nostre
1363 4111 1481 4198 littere
1497 4107 1742 4227 pervenerint,
1759 4108 2018 4200 committimus

391 4241 428 4312 et
447 4220 680 4328 mandamus,
700 4227 875 4340 quatinus
902 4227 1060 4344 singulis
1089 4226 1223 4312 diebus
1249 4226 1443 4315 dominicis
1473 4237 1510 4313 et
1530 4229 1683 4330 festivis,
1704 4227 1798 4314 inira
1820 4227 2017 4316 missarum

391 4357 428 4428 et
447 4339 601 4427 aliarum
624 4341 805 4428 horarum
826 4342 1168 4432 ecclesiasticarum
1196 4344 1410 4448 sollemnia,
1431 4344 1569 4433 dictem
1591 4345 1923 4432 denunciacionem
1943 4345 2018 4432 rei-

390 4457 550 4549 terando
570 4471 606 4546 et
628 4459 864 4565 innovando,
885 4459 1042 4549 eosdem
1062 4463 1340 4577 proconsules,
1370 4463 1547 4552 eonsules
1578 4477 1617 4551 et
1637 4462 1825 4580 opidanus
1864 4485 2019 4550 excom·

392 4579 622 4680 manicatus,
654 4595 691 4666 et
720 4579 995 4669 universitatem
1029 4577 1117 4666 dicti
1147 4579 1250 4696 opidi
1275 4609 1298 4666 a
1328 4579 1462 4669 divinis
1492 4607 1733 4698 suspensam,
1765 4597 1805 4672 ut
1824 4581 2017 4695 prelertur,

389 4695 583 4812 campanis
604 4695 779 4810 pulsetis,
800 4695 972 4784 candelis
992 4699 1169 4786 accensis
1189 4697 1227 4784 in
1247 4711 1384 4787 terram
1407 4699 1595 4816 proiectis,
1616 4727 1731 4786 cruce
1751 4713 1879 4788 erecta
1899 4713 1936 4786 et
1956 4727 2017 4784 re·

358 4855 363 4863 ·
386 4811 526 4932 ligiene
546 4810 694 4922 indicta,
707 4837 843 4932 msam
856 4812 1094 4904 benedictam
1109 4815 1355 4934 aspergendo
1371 4817 1422 4904 ad
1439 4816 1644 4936 lugendum
1666 4817 1866 4923 demones,
1881 4816 1944 4936 qul
1963 4814 2035 4928 sle¹

1491 5001 1493 5004 -
1809 4965 1845 5022 ao

487 4961 576 5012 romu
592 4962 626 5013 11.
