4878 5942
1056 798 1330 872 -315-

374 998 513 1085 nonico
535 995 841 1102 wladislauiensi,
874 995 1094 1084 'lhomislao
1115 997 1301 1088 canonico
1319 997 1582 1104 crusuiciensi,
1620 999 1744 1086 Paulo
1765 997 1816 1086 de
1837 1005 2009 1088 ltnezeos

375 1114 558 1231 plebano,
589 1130 665 1204 turn
687 1115 823 1204 ceteris
843 1113 920 1202 lide
942 1112 1081 1234 dignis.

1108 1431 1279 1550 CCCX.

834 1665 1179 1764 ommerue,
1205 1685 1362 1752 ummo
1379 1665 1551 1756 1³⁰8.

372 1865 528 1944 eunuc
546 1867 641 1946 uilloc
659 1867 803 1950 Smne,
825 1867 865 1942 rto
886 1869 977 1964 urim
998 1869 1134 1944 louirto
1155 1869 1268 1944 totam
1286 1868 1426 1943 moene
1440 1870 1534 1944 rtltm
1549 1869 1922 1946 namuelitarum
1936 1889 2006 1948 euru

617 1969 743 2044 ztttuto
763 1969 918 2064 tptaoopo
934 1971 1206 2062 utemreuuu,
1226 1971 1298 2044 tuto
1312 1969 1479 2062 portoriort
1494 1971 1691 2066 Quinam
1708 1973 1763 2060 ι(1).

474 2155 557 2246 Nos
583 2157 755 2247 Hoector
775 2159 896 2278 judex
916 2162 1155 2280 cuyauiensis
1186 2161 1372 2248 uniuersis
1401 2175 1614 2280 presentem
1645 2161 1821 2280 paginam
1855 2163 2006 2281 inspec-

374 2276 465 2364 turis
491 2276 663 2364 uolumus
693 2309 781 2365 esse
810 2293 949 2366 notum:
1003 2277 1121 2392 Quod
1143 2309 1227 2366 curn
1249 2277 1388 2366 Petrus
1410 2279 1458 2366 de
1490 2285 1672 2366 Kosezoti
1694 2282 1861 2367 rusticus
1892 2311 2006 2370 vene·
2084 2313 2107 2360 .·

373 2391 530 2480 rabilem
552 2395 587 2480 in
611 2395 766 2482 Christo
786 2413 930 2514 patrem
965 2396 1156 2514 dominum
1187 2395 1383 2511 Sbylutum
1415 2399 1634 2512 episcopum
1661 2397 2007 2487 wladislauiensem

374 2540 504 2598 coram
526 2511 635 2598 nobis
657 2542 774 2628 super
794 2513 974 2599 sculteeia
996 2579 1005 2598 .
1029 2577 1037 2596 .
1059 2580 1069 2599 .
1091 2515 1127 2599 in
1150 2543 1324 2618 oausam,
1355 2515 1507 2600 tandem
1528 2513 1627 2599 idem
1655 2511 1830 2602 dominus
1855 2518 2007 2632 episco-
2142 2585 2145 2594 .

373 2658 467 2748 pus,
497 2643 587 2746 post
618 2628 752 2716 multas
781 2631 1071 2748 proposiciones
1093 2697 1103 2716 .
1126 2698 1135 2716 .
1157 2696 1167 2716 .
1190 2696 1199 2716 .
1222 2631 1337 2733 sitas,
1368 2631 1600 2746 terminoque
1626 2644 1784 2748 recepto
1805 2661 1854 2718 ex
1874 2647 2007 2722 nostra

374 2747 534 2832 dacione
555 2746 605 2832 ad
626 2745 864 2862 probandum
886 2778 930 2835 su
952 2815 962 2834 .
985 2814 994 2833 .
1016 2813 1025 2833 .
1048 2813 1057 2832 .
1079 2747 1234 2836 bannito
1248 2745 1393 2862 judicio
1415 2746 1543 2836 docuit
1563 2761 1600 2834 et
1619 2748 1801 2864 probauit¹
1827 2779 2006 2836 reueren-

374 2864 461 2950 dum
498 2863 534 2950 in
570 2864 722 2953 Christo
758 2895 807 2982 pa
829 2932 968 2952 .....
991 2865 1274 2956 recordacionis
1302 2893 1411 2952 suurn
1441 2894 1705 2984 processuram
1735 2896 1758 2952 a
1788 2863 2006 2955 Venoeslao

373 2980 562 3099 quondam
584 2982 769 3070 soultheto
791 3050 800 3070 .
823 3050 832 3070 .
856 3049 865 3071 .
888 3050 897 3070 .
917 2983 1076 3077 candem
1099 2983 1362 3085 scultbeciam,
1393 3013 1464 3102 pro
1498 2997 1601 3070 certa
1634 2981 1793 3099 pecunie
1819 2986 2005 3101 quantita-

373 3113 410 3185 te
426 3165 442 3217 ⁴.
463 3165 472 3185 .
495 3166 504 3185 .
526 3167 535 3186 .
558 3101 637 3188 suis
667 3101 958 3190 successoribus
990 3131 1248 3220 comparasse.
1299 3097 1397 3213 (Nos
1418 3101 1507 3214 tum)
1528 3131 1599 3219 pro
1621 3101 1793 3188 tribunali
1815 3101 2006 3210 sedentes

373 3215 422 3306 de
443 3247 633 3306 consensu
656 3234 693 3307 et
712 3219 870 3308 oonsilio
893 3219 1068 3308 nobilium
1090 3223 1255 3312 uirorum
1284 3217 1320 3306 et
1341 3219 1594 3324 dominorum,
1623 3217 1902 3308 Moscziczonis
1934 3249 2006 3337 pa-

372 3333 473 3424 latini
495 3349 533 3422 et
552 3337 758 3455 capitanei,
789 3338 933 3426 Alberti
980 3337 1123 3444 alatini,
1154 3338 1342 3426 Pasoonis
1362 3335 1592 3446 Brestensis,
1624 3335 1806 3425 Dobeslai
1837 3339 2005 3425 cruszui-

373 3455 511 3544 aiensis
542 3454 854 3564 castellanorum,
894 3471 931 3544 et
954 3369 1147 3543 llemerza
1176 3453 1382 3544 subiudiois
1418 3453 1709 3572 ouyauiensibus
1744 3455 1843 3569 (sic),
1882 3455 2005 3544 eidem

373 3572 526 3660 domino
563 3573 747 3692 episcopo
779 3573 916 3662 dictam
947 3574 1165 3662 sculteciam
1196 3576 1231 3662 in
1260 3581 1446 3675 Stowseo,
1488 3585 1526 3661 et
1560 3573 1678 3691 ipsius
1713 3575 2006 3664 successoribus

371 3689 682 3799 adiudioaurmus,
703 3706 737 3780 et
761 3691 999 3810 presentibus
1021 3691 1280 3780 adiudicamus
1301 3693 1491 3809 perpetuis
1512 3693 1641 3779 tuturis
1663 3692 1894 3810 temporibus
1916 3722 2003 3810 pos·
2077 3773 2091 3810 ,ι
2147 3767 2153 3780 .

375 3807 588 3918 sidendam,
619 3809 822 3898 tenendam
843 3823 881 3896 et
901 3809 1136 3918 habendam,
1167 3811 1313 3929 prelato
1334 3811 1453 3898 Petro
1479 3811 1620 3898 rustico
1646 3809 1882 3928 superdicta
1903 3809 2005 3896 boul·
2074 3821 2091 3884 a?

370 3927 467 4016 tecia
498 3942 718 4048 perpetuum
758 3928 949 4017 silanoium
980 3930 1226 4048 imponentes.
1272 3929 1316 4016 ln
1337 3929 1443 4015 cuius
1464 3929 1518 4015 rei
1538 3929 1809 4031 testimonium,
1840 3925 2003 4045 sigillum

370 4060 539 4134 nostrum
570 4047 809 4162 presentibus
839 4063 896 4136 est
917 4077 1138 4164 appensum.
1189 4047 1326 4135 Actum
1349 4062 1386 4134 et
1405 4045 1533 4132 datum
1555 4047 1592 4132 in
1616 4049 1818 4150 Croroe'eio,
1839 4043 2005 4130 terminis

228 4197 235 4208 ·
372 4160 636 4282 generalibus,
667 4165 760 4250 laria
782 4165 899 4252 tercia
921 4165 1014 4251 inlra
1035 4179 1194 4252 octauas
1217 4230 1226 4250 .
1250 4229 1259 4251 .
1282 4230 1291 4250 .
1314 4164 1502 4281 episcopi,
1533 4190 1632 4250 anno
1653 4161 1791 4278 dominj
1809 4159 2003 4249 millesimo

372 4280 492 4369 CCC⁰
512 4277 599 4369 LX⁰
621 4277 738 4367 Vlll⁰.

473 4597 516 4683 (¹)
543 4599 591 4669 ux
604 4597 767 4686 archetypo
780 4595 1014 4666 mambranaceo
1027 4595 1165 4666 otmunt
1180 4595 1302 4687 capituli
1317 4593 1588 4666 Wlorliulouieuuis.
1632 4593 1770 4683 Sigillum
1783 4592 1878 4664 duest.

1791 4996 1839 5055 40·
