4876 5940
980 743 1295 825 -eor-
1418 721 1423 730 '

325 1023 328 1032 .
357 949 532 1040 talitetem
560 949 746 1038 bominum
773 963 810 1040 et
826 947 974 1040 tantm
996 949 1210 1038 memorum
1233 947 1450 1040 eorumdem
1467 950 1503 1038 in
1518 948 1738 1040 obliuionem
1759 951 1967 1045 indubitan—
2023 1010 2025 1020 ,

357 1083 414 1158 ter
433 1067 609 1160 deuenire
637 1069 850 1175 consueuit3
878 1065 1021 1156 idcireo
1041 1066 1285 1160 discretorum
1306 1069 1469 1158 virorum
1489 1070 1645 1158 consilio
1673 1070 1826 1160 salubre
1844 1104 1965 1162 reme·

357 1185 459 1276 diam
477 1189 753 1295 estinuentnm,
772 1201 813 1276 ut
831 1219 889 1292 ea,
910 1217 983 1307 que
1002 1185 1052 1274 ab
1072 1189 1242 1277 humanis
1262 1186 1408 1279 actibus
1428 1205 1601 1309 aguntur,
1622 1191 1816 1309 scripturis
1835 1206 1965 1280 anten-
2208 1225 2232 1288 ἢ

356 1306 497 1396 ticisad
506 1321 724 1426 perpetuam
734 1307 951 1396 memoriam
971 1304 1259 1416 condimentum
1275 1321 1316 1394 ut
1334 1306 1867 1430 exindebabeatnronngnicio
1884 1312 1966 1423 (sic)
2115 1305 2117 1316 ’

323 1511 328 1524 ,
354 1427 532 1528 ueritatis,
542 1427 576 1516 si
584 1457 699 1545 super
708 1426 788 1544 hijs,
798 1454 871 1546 que
887 1440 971 1514 aeta
987 1424 1574 1546 suntsubboriri('sio)contingat
1589 1425 1726 1548 aliquid
1749 1433 1964 1550 questionis.

354 1541 447 1632 lnde
467 1561 537 1651 est,
555 1544 657 1666 quod
679 1575 749 1634 nos
768 1543 944 1650 Matbias,
965 1544 1092 1634 diuina
1112 1559 1150 1632 et
1168 1544 1376 1664 apostolice
1397 1545 1500 1635 sedis
1520 1546 1782 1667 prouidencia,
1804 1548 1965 1638 ecclesie

200 1737 207 1746 .
353 1662 671 1754 wladislauiensis
691 1665 913 1783 episcopus,
935 1664 1139 1782 cudentes,
1160 1679 1200 1751 ut
1219 1666 1274 1752 rei
1294 1681 1404 1784 geste
1424 1667 1519 1754 inter
1538 1695 1609 1755 nos
1629 1696 1675 1755 ex
1697 1697 1769 1756 una
1790 1685 1906 1785 parte,
1928 1683 1965 1757 et
1991 1755 1994 1760 ,

353 1780 557 1872 discretum
587 1783 704 1871 vuum
736 1783 962 1903 Gregorium
988 1781 1210 1872 scoltbetnm
1240 1783 1326 1874 ville
1345 1794 1474 1872 nostre
1499 1800 1537 1873 et
1557 1784 1717 1874 ecclesie
1741 1803 1870 1876 nostre
1890 1793 1964 1892 Zo-

355 1908 499 1990 rlrerw
514 1902 710 2020 wlgariter
727 1901 836 2008 dicte,
852 1903 921 1990 site
935 1902 971 1989 in
988 1917 1087 1991 utra
1108 1902 1333 2020 Cnyauiensi
1353 1931 1399 1988 ex
1419 1903 1548 2009 eltera,
1568 1902 1669 2023 apud
1690 1922 1866 2024 posteros
1887 1938 1964 1994 me·

355 2021 474 2108 moria
494 2017 639 2139 plenior
658 2019 857 2125 habeatur,
878 2034 1005 2110 notum
1027 2021 1183 2110 iacimus
1204 2022 1387 2110 uniuersis
1414 2037 1609 2140 presentes
1629 2023 1755 2112 literas
1776 2025 1963 2142 inspectu·

354 2139 426 2245 ris;
455 2153 493 2227 et
512 2137 746 2228 intendentes
775 2139 937 2228 ecclesie
958 2155 1088 2228 nostre
1110 2139 1368 2230 condicionem
1391 2141 1515 2230 iacere
1536 2141 1743 2247 meliorem,
1765 2149 1964 2232 Zaclreano

355 2255 478 2344 villam
499 2257 660 2346 ecclesie
679 2272 808 2347 nostre
828 2258 1034 2378 predictam
1053 2261 1199 2376 prelato
1220 2258 1379 2350 sculteto
1406 2277 1536 2350 nostro
1556 2263 1636 2350 iure
1655 2259 1964 2383 Meydburgensi,

400 2391 466 2469 ont
492 2377 528 2463 in
550 2391 649 2464 terra
670 2376 860 2465 Culmensi
880 2393 1034 2484 tenetur,
1054 2375 1104 2464 ad
1125 2407 1283 2466 mansos
1299 2409 1440 2496 paruos
1467 2380 1703 2499 llamingicos
1723 2383 1965 2500 exposuimus

353 2405 555 2584 ibeandam
575 2493 646 2583 sub
667 2494 780 2583 modu
806 2511 844 2583 et
863 2495 981 2582 lorma
1002 2496 1316 2614 infrascriptis-
1327 2495 1455 2584 Primo
1481 2499 1664 2617 siqnidem
1684 2499 1863 2588 scultetus
1883 2501 1893 2586 i
1922 2531 1966 2590 se

291 2694 297 2704 .
354 2629 392 2702 et
411 2613 468 2701 sui
488 2614 640 2733 posteri,
655 2614 810 2701 racione
828 2614 1046 2719 looaoionis‚
1068 2611 1251 2702 decimum
1271 2643 1440 2702 mansum
1459 2647 1483 2704 a
1504 2615 1697 2705 solucione
1717 2646 1857 2706 oeneus
1874 2617 1895 2702 l'

268 2823 280 2846 ,
354 2761 457 2836 rum,
483 2729 555 2820 sed
576 2761 650 2822 non
680 2731 891 2839 edecima,
918 2732 1111 2822 incudem
1138 2731 1224 2820 villa
1244 2734 1323 2820 iure
1347 2731 1575 2822 hereditario
1604 2751 1788 2853 perpetuo
1808 2734 1965 2852 pacifice

262 2960 266 2970 Ι
332 2848 613 2968 possidebunt.
634 2849 765 2940 lncnle
785 2881 876 2940 uero
896 2849 981 2940 ville
1002 2851 1137 2970 ipsius,
1145 2853 1285 2971 elapsis
1305 2867 1393 2940 octo
1407 2853 1515 2942 annis
1536 2852 1724 2956 libertatis,
1740 2881 1765 2940 a
1780 2851 1867 2942 data
1883 2885 1964 2972 pre·
2028 2837 2036 2866 ¹
2086 2953 2089 2964 ,

352 2971 523 3060 sennium
543 2970 816 3090 computandis,
837 2969 886 3058 de
906 2971 1071 3091 quolibet
1090 3001 1223 3060 manso
1244 2970 1389 3061 solubili
1410 2986 1497 3062 octo
1517 2987 1648 3062 scotos
1663 2971 1836 3061 monetbe
1851 3003 1963 3062 usua-

352 3089 410 3193 lis,
429 3084 468 3178 e't
488 3088 586 3178 duos
606 3089 741 3208 pullos,
760 3090 915 3178 reoione
935 3119 1092 3195 census,
1112 3091 1149 3178 in
1168 3092 1265 3180 lesto
1284 3089 1560 3208 puriboaciunis
1579 3089 1688 3180 beate
1708 3089 1829 3180 Maris
1849 3093 1963 3210 virgi-

351 3207 412 3298 nis
431 3207 600 3330 glnricse
620 3207 786 3316 soluere,
813 3223 852 3296 et
870 3207 1052 3298 decimam
1075 3209 1322 3328 manipulatim
1343 3210 1530 3330 iocampn
1545 3225 1715 3330 tempore
1736 3208 1871 3316 debito,
1887 3213 1962 3305 stn-

408 3325 455 3414 lis
472 3328 581 3416 annis
601 3328 782 3448 asignare
801 3325 883 3441 (sic)
903 3328 1012 3416 nobis
1027 3341 1066 3418 et
1079 3329 1217 3416 ncsbb
1232 3328 1519 3420 successoribus
1535 3343 1717 3450 perpetuo
1733 3329 1964 3418 tenebuntur.

351 3355 480 3562 εἴκω
501 3475 656 3538 censum
684 3448 866 3536 scultetus
885 3448 967 3565 ipse
996 3477 1080 3536 cum
1109 3449 1190 3536 suis
1216 3447 1504 3538 successoribus
1533 3451 1689 3570 exigent
1717 3465 1754 3537 et
1773 3447 1963 3569 colligent,

351 3578 393 3652 et
412 3565 522 3654 nobis
540 3593 589 3653 ao
607 3565 898 3656 successoribus
918 3568 1056 3655 nostris
1077 3566 1308 3687 integraliter
1326 3565 1604 3685 presentabunt.
1635 3567 1823 3657 iudicabit
1842 3583 1963 3656 auum

351 3681 560 3774 scoltbetns
579 3683 662 3803 ipse
685 3713 770 3774 oum
790 3685 870 3774 suis
888 3687 1053 3804 posteris
1077 3689 1218 3775 omnes
1235 3715 1375 3774 causas
1398 3717 1539 3805 paruas
1562 3703 1600 3778 et
1627 3717 1807 3809 magnas,
1836 3686 1964 3775 ciuiles

350 3815 392 3890 et
410 3803 759 3908 criminaleS,.inlra
781 3805 958 3894 terminos
984 3803 1156 3924 predicte
1177 3803 1395 3895 hereditatis
1419 3821 1549 3897 nostre
1575 3809 1853 3928 contingentes,
1885 3807 1964 3892 inre

350 3919 524 4039 predicto
543 3919 855 4062 Meydbnrgensi,
874 3937 1050 4042 presente
1071 3940 1201 4014 nostro
1223 3925 1359 4014 nuncio
1367 3923 1548 4130 ‘peuerell
1567 3927 1626 4021 vel
1648 3925 1801 4046 speciali
1820 3923 1870 4040 ad
1890 3923 1964 4010 hoc

350 4039 482 4128 misso.
515 4040 575 4127 De
595 4041 766 4132 iudicatus
787 4073 894 4150 reno,
914 4044 962 4130 de
983 4045 1208 4149 iuramentis,
1229 4073 1278 4130 eo
1297 4043 1347 4130 de
1407 4043 1567 4148 aberra,
1587 4073 1658 4132 nos
1679 4059 1716 4132 et
1736 4043 1853 4130 nostri
1874 4071 1960 4130 snc-

347 4182 535 4248 demeres
553 4157 652 4246 duos
671 4160 859 4267 denarios,
881 4175 918 4248 et
936 4162 1117 4251 scultetus
1138 4163 1218 4278 ipse
1239 4191 1323 4250 curn
1344 4163 1423 4250 suis
1442 4162 1606 4280 posteris
1627 4161 1790 4266 tercium,
1806 4161 1961 4278 recipie-

350 4288 457 4366 rnns..
480 4276 683 4368 Statuimus
703 4281 784 4368 insu
814 4310 872 4385 er,
893 4279 995 4399 quod
1016 4280 1196 4368 scultetus
1217 4279 1297 4396 ipse
1317 4309 1401 4367 oum
1423 4281 1500 4368 suis
1522 4279 1705 4398 posteris,
1726 4279 1847 4368 villani
1868 4309 1961 4398 quo·
2107 4323 2110 4334 ·

406 4429 428 4484 e
449 4427 517 4486 sen
537 4395 658 4502 incole
679 4399 715 4484 in
735 4309 820 4484 vilia
840 4397 934 4517 ipsa,
954 4429 1001 4486 ex
1022 4397 1176 4516 speciali
1195 4413 1319 4516 pacto,
1340 4397 1765 4514 personaliter'debeant
1784 4398 1961 4488 residere.
2040 4489 2050 4512 ,

350 4427 454 4606 bisi
475 4516 657 4638 quispiam
678 4515 844 4635 ipsorum
866 4516 940 4604 boc
959 4529 1258 4637 contempneret,
1279 4533 1316 4606 et
1336 4516 1420 4605 alibi
1442 4518 1643 4623 resideret,
1664 4519 1843 4606 scultetus
1864 4517 1960 4606 scol-

351 4635 467 4744 tecia,
494 4649 533 4725 et
546 4634 704 4725 villanus
723 4663 876 4734 manso,
903 4649 940 4724 et
959 4635 1137 4756 quidquid
1158 4635 1207 4724 ibi
1235 4635 1335 4724 aliud
1356 4635 1542 4725 immobile
1561 4635 1727 4745 babebit,
1758 4637 1769 4724 i
1796 4663 1841 4726 so
1862 4637 1959 4729 lanto

351 4783 424 4845 seu
443 4754 533 4854 iura.
553 4752 766 4852 omnimode
786 4755 834 4842 sit
852 4755 1029 4876 priuatus.
1066 4753 1258 4877 Quodque
1277 4755 1398 4844 nullus
1418 4755 1575 4845 villanus
1594 4786 1662 4846 seu
1683 4667 1805 4846 ioooib
1825 4755 1984 4848 ibidem„

349 4873 449 4992 plus,
470 4903 581 4992 quam
607 4873 705 4965 dnos
724 4899 879 4973 mansos
899 4873 1036 4964 debeat
1055 4874 1234 4966 obtinere.
1270 4872 1319 4964 Et
1339 4875 1441 4996 quod
1462 4877 1580 4965 eciam
1600 4876 1804 4968 scolthetus
1823 4875 1904 4994 ipse
1924 4888 1961 4964 et

652 5039 659 5049 .
1246 5019 1250 5028 '
1763 5024 1809 5081 ³⁴«
