4896 5926
323 959 672 1067 eenamcenam,
712 987 787 1050 nou
821 957 996 1066 abolitis,
1035 989 1112 1049 noo
1149 961 1187 1046 in
1218 957 1343 1078 aliqua
1376 971 1489 1077 parto
1521 959 1656 1048 uitiat'm
1742 962 1961 1056 tris-nomi

218 1164 225 1178 χ
324 1080 602 1198 Swantopeloi,
638 1077 738 1175 bone
767 1079 947 1167 memorie
975 1079 1167 1198 quondam
1202 1077 1321 1166 D'ucis
1352 1075 1604 1184 Pomoranie,
1639 1082 1727 1168 no'
1778 1080 1959 1172 exhibitis

325 1227 470 1288 summa
501 1197 691 1315 diligentia
721 1227 789 1316 per
818 1225 890 1284 nos
921 1211 959 1284 et
983 1213 1137 1285 nostros
1173 1176 1306 1284 lideles
1333 1198 1589 1285 examinantes
1618 1197 1826 1286 inuenimus
1852 1200 1961 1290 villas

290 1317 477 1436 ‘inlerius
506 1329 726 1420 annotatas,
767 1314 914 1432 plenam
948 1329 985 1403 et
1014 1314 1265 1402 omnimodam
1296 1314 1503 1403 libertatem
1532 1313 1736 1424 babentes3
1778 1319 1827 1404 ita
1858 1319 1960 1438 quod

251 1455 256 1462 “
325 1435 452 1540 nobis,
479 1431 633 1521 domino
654 1447 774 1537 terre,
804 1432 903 1520 nulle
923 1434 1169 1537 exactiones,
1185 1431 1404 1538 solutiones,
1430 1435 1592 1536 seruitia,
1620 1463 1688 1520 seu
1711 1435 1791 1522 iura
1812 1433 1960 1525 donalia

327 1565 544 1671 competant
578 1553 614 1638 in
647 1551 809 1638 eisdem:
845 1549 916 1638 sed
952 1581 1036 1638 cum
1069 1551 1170 1637 omni
1202 1551 1282 1636 iure
1317 1579 1365 1637 ao
1401 1550 1552 1640 utilitate
1587 1553 1622 1640 in
1652 1551 1854 1640 dominium
1891 1587 1961 1644 seu

325 1671 616 1790 proprietatem,
649 1695 699 1758 oc
734 1670 1020 1786 possessionum
1057 1665 1389 1758 wladislauieusis
1421 1667 1599 1758 Ecclesia
1631 1673 1869 1760 trusierunt.
1918 1673 1960 1760 lu

327 1787 566 1878 castellatura
587 1786 635 1874 de
659 1792 814 1874 Gdnuslc
834 1789 985 1874 nomina
1006 1786 1175 1873 villarum
1197 1785 1268 1872 bec
1289 1799 1394 1872 sunt:
1431 1791 1571 1890 Goreo,
1597 1795 1783 1890 Unemiiro,
1804 1795 1959 1896 Kntzco,
2107 1887 2112 1894 ,

334 1901 570 2017 warinum),
597 1931 681 1992 cum
704 1903 787 1992 lacu
809 1903 912 2024 quod
933 1901 1015 2018 (sio)
1036 1905 1151 1992 tenuit
1170 1899 1392 1991 Raduanus.
1438 1903 1480 1992 ln
1502 1904 1742 1994 castellatura
1763 1905 1812 1995 de
1832 1909 1963 1996 lietzo:

326 2030 548 2126 ttdostouo,
578 2027 739 2111 Catuouo
760 2021 828 2136 (³).
879 2021 922 2110 ln
943 2023 1183 2111 castellatura
1213 2021 1261 2110 de
1286 2029 1392 2110 Nove
1423 2029 1610 2112 Worloie:
1639 2028 1837 2112 Comorsco
1868 2027 1960 2114 inte·

327 2143 492 2263 graliter,
512 2144 610 2230 siem
630 2142 716 2228 Dux
737 2141 947 2246 Sobeslaus
967 2141 1157 2260 quondam
1179 2157 1358 2246 tenuerat,
1381 2171 1465 2227 cum
1482 2169 1529 2226 ea
1545 2157 1661 2258 parte,
1683 2172 1793 2260 quam
1816 2141 1963 2232 Neslav

329 2259 379 2348 ad
403 2265 549 2348 Glovuo
571 2263 767 2364 iunxerat,
781 2275 819 2346 et
832 2290 996 2378 paruum
1021 2263 1218 2346 Comorreo
1240 2257 1314 2370 (⁴),
1338 2257 1440 2378 quod
1461 2288 1532 2345 uos
1554 2259 1673 2346 eidem
1695 2260 1858 2348 ecclesie
1879 2291 1963 2350 oum
2118 2327 2123 2340 .

329 2379 560 2466 libertatibus
596 2379 770 2491 superius
807 2379 1000 2493 expressis
1035 2376 1260 2461 addidimus.
1316 2375 1529 2463 lnuenimus
1565 2378 1719 2494 insuper
1754 2380 1790 2465 in
1822 2379 1963 2486 eisdem

358 2493 541 2611 riuilegijs·
565 2493 733 2580 decimas
757 2492 1023 2609 manipulatas,
1054 2509 1091 2578 et
1111 2492 1293 2580 decimam
1323 2491 1370 2578 de
1396 2492 1583 2580 solutione
1603 2496 1860 2601 tabernarum,
1887 2498 1965 2584 tlte·

328 2525 547 2714 iuncorum,
576 2623 831 2712 monetarum,
861 2611 1031 2712 nauium,
1062 2609 1223 2694 omnium
1253 2609 1471 2697 iudiciorum
1499 2611 1621 2696 tocius
1650 2609 1810 2698 ducatus
1837 2617 1966 2721 nostri,

330 2731 367 2818 io
391 2725 702 2818 Wladislouiensi
722 2727 867 2814 diocesi
892 2726 1098 2831 constituti,
1128 2725 1323 2844 sepedicta
1350 2725 1525 2830 ecclesie,
1553 2727 1654 2816 omni
1672 2741 1820 2816 remoto
1839 2727 1967 2840 dubio,

331 2847 531 2962 pertinere.
586 2841 705 2963 igitur
735 2843 835 2931 dieto
870 2839 1066 2962 Episcopo
1101 2873 1176 2932 ona
1212 2873 1297 2930 cum
1334 2841 1447 2932 Clero
1482 2873 1554 2930 suo
1589 2843 1700 2930 nobis
1731 2841 1891 2962 prouide
1919 2875 1968 2936 ac

332 2959 515 3052 humliter
541 2961 796 3082 supplicante,
828 2973 866 3048 et
885 2961 1047 3048 maxime
1072 2960 1123 3049 ob
1148 2961 1356 3048 remedium
1381 2976 1597 3050 mstronrtn
1620 2963 1901 3082 peccantiam,
1927 2977 1968 3052 ‘et

334 3111 442 3199 spem
462 3077 593 3168 solertis
614 3095 759 3188 dunc,
790 3091 886 3168 etot
905 3080 1075 3196 gloriose
1094 3080 1228 3199 virgini
1249 3075 1377 3168 blarie
1392 3091 1544 3198 gratum
1563 3077 1754 3167 seruitium
1773 3081 1967 3198 impenda-

333 3229 436 3288 mus:
466 3197 574 3288 rillas
595 3213 632 3285 et
652 3199 753 3304 iura,
785 3227 870 3286 oum
891 3197 1122 3285 libertatibus
1143 3199 1317 3314 superius
1337 3199 1545 3303 annotatis,
1575 3196 1698 3284 ducali
1718 3197 1969 3290 munificentia

333 3315 571 3434 presentibus
600 3316 825 3432 innouantes
847 3315 1125 3404 confirmamus.
1175 3315 1219 3402 ln
1248 3316 1355 3404 cums
1384 3317 1439 3404 rei
1471 3315 1740 3423 testimoninm,
1769 3333 1969 3434 presentes

313 3434 452 3534 ¹nostri
473 3433 503 3520 si
535 3432 583 3520 illi
604 3434 818 3538 munimine,
846 3433 1083 3521 roboramus.
1135 3431 1272 3521 Testes
1292 3463 1403 3538 uero,
1431 3435 1494 3551 qui
1513 3434 1771 3540 interfuerunt,
1799 3449 1885 3523 sunt
1905 3433 1967 3554 bij:

333 3549 438 3639 Vitto
468 3463 655 3668 parietinas
695 3556 928 3638 Gdornenc's
955 3550 1054 3662 (sic),
1090 3548 1239 3668 Waysil
1266 3551 1452 3666 palatinus
1484 3550 1534 3638 de
1566 3557 1739 3655 Tresseo,
1770 3551 1968 3642 .Vneslaus

335 3667 660 3772 subcamerarius,
690 3667 953 3772 Hermannus,
981 3664 1167 3771 LuderuS,
1196 3668 1378 3774 lacobus,
1404 3667 1593 3775 Andreas,
1620 3669 1799 3758 Golridus
1829 3669 1968 3788 Capel-

335 3784 410 3872 lani
430 3785 570 3892 nostri,
597 3784 792 3900 lohannes
813 3787 1048 3906 prepositus,
1071 3783 1237 3874 Goslaus
1257 3784 1451 3892 Deeonus,
1480 3785 1645 3874 Alberus
1666 3785 1969 3874 Arobidiaconus

338 3901 647 4008 Crusuicienses,
672 3901 858 4019 Wyslaus
887 3901 1033 3991 Cantor
1058 3899 1276 4006 Plocensis,
1304 3905 1475 3990 lacobus
1501 3901 1804 3991 Archidiaconus
1824 3903 1968 3991 Pomo-

336 4020 453 4124 rauie,
466 4019 639 4110 mamm
657 4019 875 4110 Cocanicus
890 4019 1232 4130 Wladislouieosis,
1252 4021 1466 4110 Tomislaus
1479 4035 1711 4138 procurator
1726 4020 1967 4113 Pomoraoie.

336 4135 515 4228 Teclinus
536 4153 574 4226 et
592 4137 731 4230 ΡΜ
751 4137 946 4258 Capellam
966 4139 1079 4228 Curie
1097 4135 1299 4256 prcopi,
1328 4151 1365 4226 et
1384 4134 1447 4254 aiij
1466 4167 1587 4255 quom
1607 4137 1738 4256 phos
1755 4135 1833 4226 fide
1851 4136 1968 4258 dgni.

439 4449 481 4538 (²)
509 4453 595 4522 Nunc
616 4453 743 4520 sortasse
764 4453 850 4521 villae
876 4445 1032 4530 Geretae,
1053 4449 1172 4518 Katzke
1193 4455 1223 4518 et
1243 4449 1427 4519 Wartselrin
1441 4449 1592 4520 territorio
1614 4449 1803 4520 Gedaneosi:
1831 4449 1966 4522 Uneniuo

339 4555 439 4625 oeque
453 4537 484 4603 ln
499 4536 602 4604 ebmta
616 4538 822 4624 geographica,
836 4557 894 4604 nee
909 4537 974 4602 ino
1014 4555 1048 4603 re
1061 4535 1181 4604 blitlleri
1197 4535 1355 4602 invenitur.
1415 4577 1418 4584 v
1600 4532 1603 4544 ’
1844 4540 1850 4556 ·’
1945 4551 1947 4558 ·
2148 4615 2154 4623 ¹

438 4621 480 4706 (θ)
506 4621 613 4700 Rullo
626 4623 770 4710 oppidum
785 4623 960 4690 adnarell
1003 4623 1082 4688 icum
1104 4621 1182 4688 tulna
1203 4620 1363 4718 Gedurnm
1385 4619 1485 4686 situm.
1519 4619 1702 4704 mornaco
1716 4619 1994 4711 mtmlmpleoo

339 4705 476 4791 piscium.
516 4703 640 4772 caman
654 4707 759 4772 ambae
773 4707 859 4774 villae
874 4709 905 4772 in
919 4705 1071 4775 territorio
1084 4705 1265 4772 Gedauensr.

342 4869 428 4954 mm
440 4788 699 4959 blssop'lubien,
713 4791 900 4865 Komarei:
912 4791 1066 4878 (magnum
1080 4797 1111 4856 ct
1120 4791 1256 4876 parrum)
1271 4794 1303 4856 ot
1320 4785 1440 4855 Glowin
1454 4788 1540 4857 villae
1555 4789 1587 4856 in
1600 4789 1751 4856 territorio
1760 4787 1970 4855 Kwidziuenei

428 4893 486 4942 eur
1169 4923 1171 4930 Α
1778 4925 1781 4932 ,
