4896 5926
1116 723 1391 799 *132-

441 925 592 1019 liberum
613 927 662 1016 do
682 943 758 1016 toto
778 925 994 1032 loouoione,
1020 923 1070 1015 de
1090 924 1226 1016 iudioio
1246 928 1400 1015 teroium
1421 924 1633 1033 denarium,
1654 924 1922 1032 molendinum,
1944 925 2070 1016 tuber·
2192 1029 2204 1042 .

436 1076 544 1152 nuru,
577 1075 688 1136 unum
718 1043 914 1134 muoellum
945 1041 1163 1132 oornilioum
1195 1059 1231 1134 et
1257 1044 1418 1134 bonoum
1447 1045 1640 1162 pistorum.
1692 1039 1781 1156 Quo
1811 1045 1936 1132 omnia
1962 1059 2080 1136 erunt

436 1164 553 1254 libero
580 1161 1020 1291 equulibet'soluoione.
1069 1161 1298 1252 Mellilioium
1327 1191 1478 1281 quoque
1504 1163 1600 1249 inter
1625 1159 1859 1280 girooionem
1880 1161 1950 1249 sibi
1970 1163 2070 1252 ussi·

436 1296 605 1405 gnatum,
625 1295 825 1402 postquem
846 1281 998 1370 libertus
1017 1279 1102 1370 ville
1122 1281 1359 1397 expiruuerit,
1380 1283 1500 1368 eciem
1521 1278 1666 1367 villicus
1688 1278 1876 1370 obtinebit.
1923 1277 2070 1370 Omnes

436 1417 581 1507 eutem,
618 1401 680 1521 qui
710 1429 779 1518 per
809 1400 1001 1489 Simonem
1031 1400 1326 1517 prenominatum
1357 1395 1408 1486 ud
1438 1404 1677 1485 Dombrouos
1712 1413 1750 1485 et
1779 1425 1934 1486 nemoru
1964 1399 2070 1487 inuo-

437 1516 549 1610 leudu
578 1518 778 1607 oonuoooti
805 1517 959 1624 luerint,
995 1547 1018 1604 u
1048 1517 1245 1605 solucione
1274 1547 1414 1606 oensus
1444 1517 1538 1604 inlra
1567 1513 1667 1604 Vlll.
1698 1545 1841 1621 anuos,
1873 1515 2072 1603 odecimo

433 1641 532 1728 'uero
561 1637 656 1725 inlro
681 1635 747 1724 Vl.
774 1663 916 1741 uunos,
947 1634 1137 1724 bdbebunt
1166 1635 1383 1723 libertatem.
1436 1633 1587 1748 Quibus
1617 1634 1794 1740 euolutis,
1827 1632 1876 1720 de
1906 1632 2073 1753 quolibet

438 1785 571 1844 menso
601 1755 786 1842 fertonem
816 1743 964 1874 drgeuti
996 1767 1144 1842 monete
1174 1753 1332 1840 interro
1361 1753 1562 1857 currentis,
1592 1765 1630 1840 et
1650 1752 1891 1840 mensuratim
1912 1781 1982 1870 pro
2003 1749 2071 1837 de-

437 1876 536 1961 cime
566 1870 663 1961 duos
693 1901 891 1960 mensures
922 1871 1048 1975 tritici,
1078 1869 1178 1958 llll⁰'
1206 1901 1405 1958 mensurus
1430 1869 1602 1990 seligiuis
1629 1871 1744 1982 (sio),
1779 1868 1845 1956 Vl.
1874 1898 2071 1958 mensurus

437 2021 580 2100 uvene,
608 1991 768 2110 siugulis
788 1991 895 2080 aunis
916 1987 1068 2092 domino
1088 2018 1176 2095 suo,
1205 1987 1363 2078 Reotori
1383 1987 1559 2078 Ecclesie
1579 1985 1628 2076 de
1648 1993 1888 2103 anenodno,
1920 1987 2070 2075 soluere

438 2108 673 2198 tenebuntur.
725 2107 775 2212 Si,
796 2122 922 2195 eutem
951 2105 1209 2213 bomioidium,
1245 2107 1304 2194 uel
1334 2107 1487 2195 ulterius
1519 2107 1787 2225 cuiuscumque
1819 2105 1878 2192 rei
1905 2133 2072 2208 ouusum,
2138 2165 2142 2171 -

438 2229 535 2315 intru
555 2226 812 2316 limituoionom
833 2225 1030 2344 prehabito
1051 2224 1174 2320 villico
1195 2227 1441 2346 assignatum,
1463 2226 1659 2340 eontigerit
1683 2223 1852 2328 euenire;
1878 2253 1954 2312 non
1976 2220 2073 2326 alibi,

438 2372 552 2462 quum
582 2345 619 2432 in
638 2341 776 2432 iudicio
805 2344 891 2432 ville
921 2375 990 2433 sue
1021 2373 1140 2431 oousu
1170 2341 1283 2432 debet
1304 2341 1507 2431 diiudicari.
1560 2341 1742 2431 Pretereu
1762 2344 1795 2430 si
1816 2339 1980 2448 villicus,
2009 2357 2074 2430 eut
2122 2362 2129 2372 '

439 2462 565 2550 villuni
586 2462 684 2550 oituti
704 2462 838 2550 luerint
858 2460 1157 2556 extruiudioium
1177 2459 1420 2564 villiouoionis
1441 2461 1570 2580 sepius
1590 2473 1813 2566 memorate,
1844 2459 1895 2548 ud
1916 2490 2071 2579 presen-

439 2582 535 2671 oiom
557 2579 696 2670 domiui
716 2581 790 2688 sui,
821 2609 895 2668 non
916 2579 1020 2668 ibunt
1039 2579 1089 2667 ud
1110 2577 1349 2669 iudioundum
1370 2593 1476 2668 extra
1498 2580 1676 2668 terminos
1696 2595 1795 2666 terre
1823 2578 2071 2694 Syruzieusis
2134 2610 2139 2616 ·

438 2697 481 2785 ln
511 2698 684 2788 omnibus
718 2710 842 2787 eutem
879 2697 960 2787 eliis
994 2697 1272 2804 solucionibus,
1308 2699 1367 2786 uel
1399 2695 1591 2816 obsequiis
1622 2695 1809 2784 ordinarie
1840 2692 2070 2800 exhibendis,

439 2815 646 2906 seeundum
678 2817 912 2906 loouoionem
943 2817 1130 2920 villorum,
1162 2847 1236 2935 que
1260 2819 1341 2904 iure
1370 2814 1610 2904 Nouilorensi
1640 2829 1839 2935 reguntur,
1869 2810 2014 2899 villicus
2035 2827 2072 2898 et

439 2933 563 3022 villani
594 2961 665 3022 suu
693 2935 774 3022 iuru
805 2950 976 3038 teneant,
1006 2949 1044 3021 et
1063 2933 1151 3020 nulli
1172 2933 1408 3055 aliquetenus
1438 2933 1599 3023 subesse
1619 2931 1829 3036 debebunt,
1859 2927 2072 3051 gaudentes

439 3052 638 3172 priuilegio
668 3049 937 3140 Euolesiostioe
966 3051 1166 3158 libertatis,
1198 3081 1311 3169 quum
1337 3080 1408 3138 suo
1437 3052 1611 3155 domino,
1642 3049 1805 3168 plebano
1832 3047 2004 3135 videlieet
2024 3045 2074 3136 de

440 3177 677 3284 Poqenoduo.
729 3167 781 3256 Ut
800 3169 872 3256 heo
892 3171 1016 3255 omniu
1037 3168 1154 3255 robur
1174 3182 1326 3278 teneuut
1341 3183 1527 3286 perpetue
1546 3166 1746 3274 firmitatis,
1767 3166 1861 3253 etin
1881 3179 2073 3283 posterum
2171 3239 2174 3246 ⁴

440 3286 650 3377 nullatenus
679 3286 729 3374 ob
758 3285 887 3490 ulffluo
916 3282 1066 3373 valeant
1095 3283 1327 3403 impugnari,
1357 3298 1572 3422 presentem
1589 3285 1783 3487 1fulgurum}
1806 3298 1955 3390 nostro,
1986 3312 2073 3401 pre·

440 3403 605 3524 diotique
626 3403 765 3492 domiui
839 3401 993 3491 iobuelis
1013 3401 1131 3489 nostri
1162 3401 1405 3510 Cunoellurri,
1435 3401 1567 3523 sigilis
1616 3401 1743 3488 inum
1763 3399 1937 3498 duximus
1957 3399 2074 3490 robo-

440 3521 610 3610 randam.
661 3519 761 3610 Aeto
786 3535 873 3608 sunt
898 3520 970 3608 heo
996 3520 1032 3607 in
1053 3525 1292 3623 Bresm'odio,
1322 3550 1423 3608 unno
1444 3519 1583 3610 domini
1653 3518 1773 3608 ⁰CC⁰
1791 3515 1987 3607 LXXXX⁰
2005 3512 2070 3605 V‘.

270 3671 283 3701 ·=
440 3637 689 3728 Presentibus
718 3637 806 3736 biis,
838 3668 997 3758 quorum
1023 3639 1096 3725 istu
1122 3653 1209 3728 sunt
1236 3639 1404 3728 nomino:
1437 3638 1579 3727 Comes
1607 3637 1803 3727 dobuunes
1834 3635 2072 3728 Castellunus
2110 3729 2120 3744 ‚

441 3758 472 3846 S
499 3755 749 3863 ioimirieusis,
779 3755 920 3846 Comes
940 3755 1142 3846 Mistissius
1161 3754 1305 3860 ludex,
1334 3756 1474 3845 Comes
1494 3755 1699 3845 Mirosluus
1718 3755 1901 3861 Venator,
1929 3753 2072 3843 Comes

441 3787 601 3966 Cbebdu
620 3874 791 3994 Depiler,
814 3874 1092 3993 tsyrazienses,
1124 3873 1265 3964 Comes
1283 3875 1524 3996 durogneus,
1557 3873 1738 3962 Dominus
1758 3873 1876 3962 Jusoo
1898 3871 2071 3961 Subuun·

282 4065 287 4074 .
442 3994 616 4083 uellurius
636 3993 887 4112 Syruziensis,
908 4023 976 4114 per
997 3993 1103 4082 ouius
1123 4022 1272 4080 menum
1294 3993 1369 4084 boo
1388 3992 1621 4114 priuilegium
1641 4009 1700 4083 e'st
1718 4007 1943 4111 porrectum.
1990 4079 1993 4084 Α
