4876 5940
1087 679 1441 810 stauo-

504 943 600 1056 (sio).
631 941 751 1029 Huius
780 938 898 1027 eciam
927 937 1253 1030 confirmacionem
1291 935 1543 1028 ordinacionis
1568 937 1786 1058 procurabit
1812 936 1912 1026 idem
1937 936 2110 1028 dominns

503 1062 726 1182 episcopus,
755 1087 839 1146 cum
859 1057 995 1147 auxilio
1023 1075 1061 1148 ct
1079 1059 1322 1178 promocione
1350 1057 1488 1147 domini
1518 1057 1699 1175 Magistri
1717 1073 1757 1147 et
1774 1058 1925 1146 fratrum
1957 1083 2109 1144 suorum

504 1182 600 1268 inlra
629 1179 795 1298 spacium
825 1179 933 1266 unius
953 1180 1059 1284 anni,
1089 1180 1121 1266 si
1141 1179 1278 1297 poterit
1303 1177 1441 1266 asede
1465 1177 1675 1295 apostolica
1704 1178 1891 1294 inpetrari.
1938 1173 2059 1291 Quod
2079 1177 2110 1264 si

503 1328 581 1386 non
601 1314 734 1416 posset
752 1296 903 1386 allicere
922 1296 1209 1418 quoquomodo,
1238 1312 1275 1384 et
1295 1297 1369 1383 boo
1389 1297 1545 1416 liqueret
1565 1326 1633 1412 per
1659 1295 1800 1384 litteras
1824 1309 2110 1414 procuratorum

502 1418 851 1536 utriusquepartis,
879 1417 948 1504 sibi
968 1416 1043 1505 boo
1061 1445 1086 1503 a
1106 1417 1214 1504 nobis
1243 1430 1280 1503 et
1298 1417 1473 1503 lrotribus
1493 1417 1641 1506 nostris
1655 1443 1730 1502 non
1750 1413 1888 1502 debeat
1906 1412 2117 1530 aliqualiter¹

501 1538 672 1654 inputari.
704 1533 973 1624 Nicbilominus
994 1534 1090 1622 idem
1111 1534 1285 1640 dominus
1306 1536 1509 1654 episcopos
1529 1534 1677 1622 instabit
1696 1533 1796 1650 apud
1813 1530 2000 1621 dominum
2016 1559 2111 1649 apo·

503 1655 673 1744 stolicum
694 1653 922 1761 modernum,
944 1670 980 1742 et
999 1683 1246 1742 successores
1267 1653 1400 1772 ipsius,
1422 1684 1490 1770 pro
1513 1653 1648 1740 eadem
1667 1651 1956 1741 confirmacione
1976 1651 2111 1738 sollici·

400 1771 404 1787 '
502 1787 563 1861 tus
582 1775 682 1861 bona
702 1772 788 1878 fide,
809 1773 931 1860 donec
951 1773 1117 1862 eiusdem
1138 1772 1389 1861 ordinacionis
1410 1771 1650 1861 confirmacio
1680 1771 1730 1859 ab
1751 1769 1884 1858 eadem
1904 1769 1996 1872 sedo
2015 1797 2111 1889 opo·

502 1893 636 1982 stolica
655 1893 761 1979 luerit
780 1893 971 2010 inpetrato.
1003 1892 1046 1980 ln
1065 1892 1173 1980 boios
1194 1893 1247 1978 roi
1268 1891 1499 1980 euidenciam
1519 1892 1733 2012 pleniorem,
1754 1907 1791 1978 et
1810 1903 2028 2010 perpetuom
2047 1887 2110 1976 lir-

502 2012 675 2115 mitatem
695 2028 889 2128 presentes
910 2010 1051 2098 litteras
1065 2009 1177 2099 scribi
1192 2011 1356 2104 lecimus,
1374 2028 1411 2098 et
1425 2039 1492 2098 eas
1514 2011 1646 2131 sigillis
1666 2011 1797 2100 nostro
1819 2025 1857 2097 et
1870 2009 1988 2098 nostri
2008 2009 2113 2127 capia

502 2129 585 2234 tuti,
617 2145 654 2217 et
672 2145 816 2234 nostro,
838 2129 1012 2249 Magistri
1040 2130 1241 2251 generalis,
1262 2144 1300 2215 et
1328 2131 1452 2216 lratris
1477 2127 1631 2218 Ottonis
1658 2125 1708 2217 do
1738 2135 1957 2242 llmtooorpl
1983 2127 2114 2216 nostre

503 2245 719 2367 principalis
747 2247 881 2336 domos
912 2247 1039 2369 magni
1065 2247 1398 2351 commendatoris,
1433 2279 1481 2336 ac
1502 2249 1625 2336 fratris
1655 2245 1806 2336 Ottoois
1826 2246 1875 2335 de
1897 2253 2112 2360 cumton,

502 2365 740 2486 prouincialls
769 2380 867 2453 terre
896 2367 1115 2467 colmonsis,
1148 2396 1196 2454 ac
1215 2367 1480 2456 venerabilium
1500 2381 1646 2486 patrum
1668 2365 1921 2455 dominorum:
1948 2363 2114 2454 Floriani

502 2485 707 2605 tolonensis,
737 2483 888 2574 Ottonis
918 2486 1134 2588 eulmensiS,
1161 2499 1199 2573 et
1225 2485 1378 2574 Rudolb
1408 2488 1705 2606 pomeranensis,
1732 2487 2016 2604 episcoporum,
2051 2485 2113 2604 qui

501 2607 665 2722 presenti
693 2603 923 2692 ordinacioni
949 2605 1210 2711 interfuerunt,
1246 2605 1404 2693 lecimus
1430 2607 1657 2694 communiri.
1704 2606 1841 2694 Datum
1868 2621 1907 2694 et
1930 2619 2055 2692 actum
2074 2603 2112 2690 in

362 2795 368 2802 .
504 2729 662 2826 llorere
683 2753 782 2811 anno
802 2723 940 2811 domini
962 2724 1153 2811 millesimo
1174 2727 1437 2812 trecentesimo
1458 2727 1659 2830 tricesimo,
1676 2725 1711 2813 in
1731 2723 1794 2814 die
1812 2724 1931 2812 sancti
1946 2713 2111 2810 Bartho-

503 2843 612 2934 lomai
631 2841 801 2960 apostoli.
840 2841 1084 2931 Prosentibos
1104 2841 1263 2931 dominis
1286 2844 1475 2962 episcopis
1495 2842 1736 2962 supradictis,
1765 2873 1814 2931 ac
1833 2839 2113 2931 honorabilibus

502 2963 605 3066 viris,
625 2959 802 3050 dominis:
824 2959 983 3049 Nicolao
1003 2961 1153 3049 decano
1172 2962 1333 3052 ecclesie
1353 2965 1592 3083 gneznensis
1623 2961 1780 3052 Alberto
1800 2961 2010 3084 preposito,
2030 2957 2112 3048 Bo·
2235 3061 2240 3072 Ι

501 3079 630 3202 gulalo
650 3079 870 3186 scolastico,
890 3079 1160 3170 Bartbolomeo
1180 3080 1464 3187 archidiacono,
1493 3082 1609 3170 Petro
1630 3099 1785 3171 cantore
1804 3081 1965 3171 ecclesie
1985 3093 2114 3168 nostre

502 3197 813 3287 wladislauiensis
834 3213 873 3286 et
891 3199 1069 3322 Sygardo
1091 3197 1139 3287 de
1158 3205 1429 3288 Sworocborcl
1449 3202 1486 3290 in
1508 3208 1694 3316 Byrqloo,
1716 3201 1882 3290 lasootie
1900 3201 1937 3288 in
1959 3205 2112 3311 antiquo

502 3336 638 3416 castro,
659 3317 827 3407 Henrico
847 3316 949 3406 dicto
970 3317 1147 3408 Rutlreno
1168 3319 1205 3406 in
1220 3321 1499 3434 Enqelrborqclt,
1525 3319 1693 3410 Henrico
1714 3320 1815 3410 dicto
1829 3320 1942 3409 Roob
1963 3319 2001 3408 in
2018 3323 2113 3410 Tlo-

502 3469 586 3542 roo,
606 3449 643 3524 et
661 3436 827 3526 Henrioo
847 3433 896 3526 do
914 3443 1081 3552 Hoqoioz
1100 3439 1137 3526 in
1153 3445 1304 3554 Poporo,
1321 3437 1688 3528 commendatoribus
1707 3438 1773 3552 (³);
1793 3457 1830 3529 et
1844 3437 1927 3558 olijs
1947 3437 2114 3557 pluribus

502 3554 578 3644 lide
597 3553 722 3676 dignis
741 3555 931 3676 religiosis
952 3572 990 3644 et
1009 3556 1242 3647 secularibus
1262 3557 1313 3644 ad
1333 3558 1407 3646 boc
1436 3559 1583 3678 rogatis
1604 3575 1641 3647 et
1659 3560 1816 3648 vocatis.
2105 3572 2111 3590 '

602 3853 642 3961 (ὁ)
663 3874 957 4028 osroenorum
971 3877 1101 3964 regom
1115 3879 1310 3958 nonanes,
1323 3881 1637 3966 mononem,
1655 3879 1822 3946 sonarum
1836 3835 2112 3976 soroooorsorl
2144 3945 2150 3958 ,

836 3983 853 4028 θ

503 3947 585 4048 gard)
599 3959 740 4114 obpidm
755 3959 793 4028 ad
853 3981 958 4028 rossam
973 3961 1086 4061 (Boreo)
1107 3961 1230 4029 lluvium
1246 3963 1350 4064 sibam,
1375 3965 1517 4032 territorii
1545 3951 1753 4064 bodanensis,
1773 3965 1905 4064 regionis
1919 3963 1964 4029 sui
1979 3961 2111 4062 nominis

502 4055 600 4147 caut,
643 4046 806 4146 coelatura
819 4046 1074 4148 (Koprzyivnrcot.
1089 4047 1201 4147 Popoo
1214 4047 1296 4150 baut
1314 4049 1421 4150 bouet,
1443 4069 1523 4150 quaa
1536 4047 1603 4116 nlla
1626 4049 1814 4150 intelligendo
1835 4058 1886 4128 snt,
1907 4049 2007 4138 plnres
2028 4063 2112 4146 onam

504 4131 1374 4306 iillbon'popbbobottibrbbbbrrtbbbbbibbriblttbbbbb'bbbibi]lm,
1395 4155 1489 4222 quom
1503 4157 1533 4202 m
1547 4135 1753 4222 Bydgostronsr
1767 4141 1938 4218 nocturum,
1959 4141 2006 4202 ost
2019 4141 2110 4202 enom
