4878 5942
1026 772 1067 784 -
1120 727 1195 803 aar
1251 769 1292 784 -

353 934 606 1057 episcopalem
636 935 802 1024 mensam
824 933 1085 1052 pertinentem,
1116 961 1186 1052 pro
1207 931 1351 1020 decima
1372 931 1487 1050 ipsius
1508 930 1655 1049 plebani
1673 933 1710 1020 in
1731 939 1847 1050 Lanp,
1877 927 1978 1024 villa¹

353 1071 482 1146 nostra
503 1069 539 1142 et
560 1053 720 1142 ecclesie
740 1050 946 1164 oos'treli‘),
967 1054 1028 1156 ita,
1050 1053 1152 1172 quod
1169 1055 1249 1169 ipse
1265 1047 1445 1170 plebanus
1469 1050 1658 1168 predictus
1680 1065 1717 1138 et
1732 1055 1788 1141 sui
1808 1083 1959 1144 succes·

353 1203 473 1281 sores,
495 1175 642 1261 nomine
663 1173 821 1264 ecclesie
842 1202 910 1257 sue
932 1171 1118 1288 predicta,
1140 1172 1258 1290 ipsam
1281 1169 1461 1256 decimam
1489 1172 1525 1257 in
1541 1176 1759 1259 Sbrucltbiuo
1779 1188 1960 1291 perpetuo

353 1294 504 1396 bobeut,
526 1301 655 1380 teneat
671 1303 709 1380 et
728 1289 919 1409 possideat
940 1289 1023 1378 villu
1046 1305 1248 1376 memorato
1270 1288 1372 1402 (sio);
1405 1319 1475 1377 nos
1490 1318 1582 1377 vero
1612 1304 1649 1376 et
1669 1295 1785 1378 nostri
1806 1321 1960 1378 succes·
2073 1363 2076 1371 .

265 1487 268 1494 .
354 1441 462 1501 sores
478 1411 659 1498 decimam
680 1413 798 1528 ipsam
820 1410 854 1496 in
876 1416 991 1522 bouq,
1009 1407 1123 1525 tytulo
1139 1407 1442 1497 commutacionis
1463 1407 1624 1496 similiter
1643 1409 1804 1516 babere,
1834 1423 1961 1498 tenere
2097 1468 2100 1476 ,

355 1545 391 1618 ct
411 1529 609 1650 possidere
629 1545 810 1646 perpetuo
833 1527 1103 1614 debeamuslu
1126 1529 1231 1613 cuius
1252 1529 1306 1614 rei
1328 1528 1581 1632 testimouium,
1598 1527 1759 1648 sigillum
1783 1544 1960 1634 nostrum,

355 1643 427 1736 uec
457 1679 531 1736 non
560 1649 708 1764 capituli
737 1646 1211 1753 nostri¹wladislauiensis
1234 1646 1467 1763 presentibus
1488 1663 1573 1734 suut
1597 1677 1777 1764 appensa.
1823 1647 1960 1734 Datum

326 1761 328 1773 Α
354 1775 532 1873 traam,
552 1765 658 1854 Vlll⁰
678 1765 859 1854 kalendas
881 1761 1117 1872 Novembris,
1139 1793 1239 1852 anno
1256 1763 1392 1854 domini
1408 1766 1599 1854 millesimo
1618 1767 1735 1854 CCC⁰
1749 1763 1837 1853 XL⁰
1851 1796 1961 1854 nono.

370 1906 375 1916 ·
1450 1903 1469 1946 ο

455 2001 496 2086 (³)
539 2000 661 2090 Aliquid
677 2001 822 2068 omissum
837 2022 903 2068 esse
919 2000 1044 2079 ridetur,
1059 1999 1149 2066 veluti
1162 1998 1302 2066 verbum:
1319 2001 1575 2066 commutemur.
1668 2059 1671 2068 Δ

1065 2285 1254 2402 texet

489 2527 492 2534 '
525 2523 807 2619 Boeotiae,
835 2541 988 2608 anno
1014 2521 1165 2609 135⁰
1187 2523 1280 2606 otte
1304 2523 1382 2608 29
1409 2524 1606 2608 mcum
1632 2525 1794 2616 sctit.

350 2726 486 2804 ‘noune
500 2705 612 2800 altaris
626 2725 667 2797 et
682 2725 798 2798 cultum
819 2721 870 2796 88.
884 2673 1199 2814 incontinentiam,
1213 2723 1342 2796 tuum
1355 2723 1575 2816 locogetletre
1590 2727 1624 2798 et
1637 2723 1774 2799 moen
1788 2725 1964 2801 bocctun
2063 2783 2067 2794 .

511 2827 763 2912 tltedtsteuemt
777 2827 957 2916 commeo,
972 2845 1014 2899 ex
1027 2825 1103 2900 aitte
1117 2827 1338 2914 Datne-'ecto
1351 2827 1758 2936 percipieudmmlguetur
1771 2829 1819 2914 (¹).
1836 2837 1841 2848 ·

456 3019 498 3108 lu
519 3019 667 3107 nomine
702 3015 858 3124 domiui,
894 3049 1013 3104 amen.
1061 3016 1160 3132 Quia
1201 3048 1248 3105 eo
1276 3019 1581 3138 magnificandus
1611 3033 1647 3108 et
1676 3020 1963 3140 peramplius‚·iu

351 3141 497 3234 „sanctis
518 3142 596 3226 suis
618 3137 731 3242 deus,
752 3141 857 3226 cuius
878 3136 1072 3223 inellabilis
1093 3137 1248 3224 altitudo
1270 3133 1472 3254 prudencie
1493 3135 1599 3226 nullis
1620 3139 1762 3226 inclusa
1781 3139 1963 3246 limitibus,

357 3259 512 3348 nullisue
524 3257 687 3344 terminis
699 3253 1139 3374 comprehensa,soncris
1149 3257 1377 3368 elerturlsic)
1389 3259 1587 3375 preconiis,
1598 3258 1764 3346 iubilnsis
1780 3257 1964 3348 extollitur

359 3377 543 3494 eullonijs,
564 3405 638 3494 quo
660 3377 695 3462 iu
717 3374 831 3462 domo
852 3375 984 3491 ipsius,
1007 3405 1116 3493 quom
1137 3374 1348 3462 sanctitudo
1369 3378 1487 3483 decet,
1510 3378 1756 3464 ministrorum
1777 3407 1963 3483 numerus,

227 3559 230 3566 -
359 3497 421 3616 qui
453 3496 560 3614 quasi
587 3495 770 3582 luminoso
801 3493 1053 3610 ardentesque
1083 3491 1233 3582 lucerne
1262 3524 1376 3611 super
1405 3495 1669 3582 caudelabrum
1700 3497 1736 3581 iu
1756 3496 1870 3586 domo
1890 3495 1965 3584 fixe

358 3612 536 3702 irradiant
554 3611 734 3732 predicta,
763 3611 1018 3700 munificencie
1047 3609 1207 3700 bdelium
1238 3613 1351 3729 tytulo
1400 3616 1633 3702 numerosius
1662 3630 1698 3702 et
1722 3613 1830 3704 latius
1858 3616 1965 3704 luerit

185 3717 191 3726 ¹
272 3828 276 3832 ,
358 3747 633 3852 augmentatum
664 3731 750 3820 bioc
771 3747 838 3866 est,
861 3729 962 3852 quod
984 3759 1054 3818 nos
1084 3727 1255 3835 blatbias
1277 3729 1402 3820 diuina
1432 3749 1468 3821 et
1486 3732 1692 3851 apostolice
1712 3734 1813 3822 sedis
1834 3736 1964 3853 gracia

358 3849 519 3940 ecclesie
539 3850 1091 3966 wladisleuiensrsepiscopus,
1114 3851 1275 3968 capitulo
1291 3867 1419 3939 nostro
1434 3851 1734 3956 wladislauiensi,
1755 3853 1865 3940 solito
1884 3879 1964 3937 mo·
2057 3885 2061 3896 ·

213 3982 217 3994 '
358 4001 419 4076 rc‚.
432 3984 656 4072 conuocato,
677 3999 792 4088 super
812 3967 882 4088 bijs
905 3983 1080 4072 tractatu,
1102 3971 1273 4076 consilio,
1301 3973 1546 4088 requisicioue
1567 3985 1603 4056 et
1622 4000 1779 4056 assensu
1800 3970 1964 4086 ipsorum

278 4143 281 4149 f
359 4117 557 4206 expresso,
578 4087 779 4204 probabitis
801 4087 977 4205 deligenti
1000 4087 1098 4198 (sie),
1124 4102 1198 4174 tum
1219 4088 1465 4193 attendentes,
1487 4087 1586 4206 quod
1607 4088 1714 4190 laupr
1734 4085 1867 4177 multus
1881 4087 1965 4174 -cul-

360 4209 410 4294 tui
432 4203 591 4294 debetur
611 4205 746 4306 diuino,
767 4221 840 4290 tum
863 4205 1031 4290 volentes
1053 4205 1187 4292 deuote
1210 4222 1245 4293 et
1266 4206 1326 4320 pia
1345 4205 1527 4294 lobannis
1549 4203 1715 4294 custodis
1735 4205 1851 4294 nostri
1871 4205 1965 4294 wla-

361 4323 596 4412 dislauiensis
618 4321 825 4424 desideria,
846 4323 975 4410 lauore
995 4323 1172 4440 prosequi
1193 4323 1375 4440 benigno,
1396 4323 1628 4410 vendidimus
1649 4351 1722 4408 una
1743 4352 1827 4409 cum
1848 4326 1965 4444 oap(i-

313 4491 318 4500 ·
361 4443 438 4531 tulo
458 4442 604 4553 oostlro
625 4437 913 4546 wladislauieosi
934 4440 1114 4558 predicto,
1135 4441 1280 4528 custodi
1300 4443 1487 4530 nominato
1509 4441 1638 4530 decem
1655 4470 1862 4530 morcarum
1882 4442 1965 4530 red·

362 4561 461 4650 ditus
482 4559 656 4651 mouetlre
678 4559 933 4648 tboruueusis:
955 4587 1065 4678 quam
1087 4575 1270 4646 monetam
1292 4561 1324 4646 si
1343 4562 1473 4648 mutari
1494 4561 1694 4680 contingat,
1714 4591 1787 4679 pro.
1805 4561 1966 4679 qualibet

426 4792 433 4811 ·
463 4777 502 4864 (¹)
543 4779 588 4846 Ex
605 4719 763 4866 arebetlpo
777 4777 1006 4844 membranaceo
1021 4777 1157 4844 tabularii
1177 4777 1294 4862 capituli
1314 4776 1579 4846 Wladisluuiensis.
1600 4779 1678 4844 Huic
1691 4779 1816 4865 ¹tabulae
1835 4799 1965 4870 appensa

363 4873 450 4932 erent
464 4864 524 4930 duo
539 4864 644 4952 sigilla,
661 4861 811 4952 quaejam
825 4863 1041 4944 desiderantur,
1054 4871 1214 4951 supersunt
1226 4871 1341 4933 lunum
1356 4862 1476 4931 lubieuli
1489 4865 1575 4932 aorici
1591 4865 1689 4932 viridis
1703 4865 1819 4932 coloris
