4926 5940
1055 796 1103 830 .-
1156 753 1241 830 437·
1289 795 1331 808 -

382 962 544 1050 ecclesia
564 977 601 1048 et
620 957 770 1076 capituli
790 955 1119 1062 wladislauiensis,
1150 986 1228 1073 per
1240 953 1369 1047 sedern
1389 955 1637 1073 apostolicam
1658 927 1871 1074 specialiter
1891 958 2024 1077 depo·

382 1094 500 1166 tatus:
530 1074 826 1170 Honorabilibus
847 1089 884 1164 et
904 1075 1077 1164 discretis
1093 1077 1194 1180 viris,
1214 1073 1386 1164 dominis.
1408 1139 1417 1160 .
1438 1139 1448 1162 .
1467 1073 1554 1186 (sic)
1573 1075 1608 1164 in
1629 1082 1939 1188 Nyesclutkowo,
1969 1077 2007 1166 in

381 1204 606 1298 Kotccnbc,
638 1200 675 1284 in
695 1202 899 1282 Dmoort'rro
920 1205 958 1282 ct
976 1195 1012 1280 in
1033 1199 1343 1308 fflennscbkorco,
1366 1193 1630 1310 parochialium
1652 1193 1896 1282 ecclesiarum
1923 1225 2007 1286 rcc-

384 1319 527 1404 toribus
548 1313 627 1427 (2),
658 1315 719 1404 vel
755 1343 887 1401 eorum
913 1313 1259 1431 vicesgerentibus,
1291 1314 1430 1398 curatis
1459 1327 1496 1400 et
1516 1343 1590 1400 non
1620 1313 1760 1400 curatis'
1789 1345 1858 1431 per
1878 1313 2008 1402 dioco-

383 1465 447 1520 ses
469 1463 742 1552 gneznensem,
772 1433 990 1548 plocensem
1027 1461 1074 1518 ac
1094 1432 1386 1550 poznaniensem
1423 1430 1575 1518 ubilibet
1595 1433 1819 1537 constitutis,
1840 1432 1890 1520 ad
1939 1461 2008 1520 uos

384 1567 581 1670 presentes
602 1563 731 1639 nostre
751 1551 856 1638 litere
877 1550 1133 1668 peruenerint,
1154 1549 1291 1666 quique
1313 1549 1548 1666 presentibus
1570 1553 1814 1640 communiter
1835 1465 1939 1638 nell

307 1751 312 1762 .
385 1671 454 1758 sim
474 1671 609 1757 luerint
628 1670 814 1788 requisiti,
842 1698 910 1756 seu
931 1669 1026 1754 alter
1046 1667 1306 1755 eorum-luerit
1325 1669 1543 1786 requisitus,
1564 1667 1720 1754 salutern
1738 1670 1777 1774 in
1800 1669 1951 1756 domino
1973 1686 2010 1756 et

385 1787 571 1876 mandatis
601 1789 741 1880 nostris
770 1786 1001 1890 huiusmodi,
1030 1814 1156 1904 ymmo
1185 1787 1311 1873 verius
1346 1786 1584 1904 apostolicis,
1624 1785 1807 1874 humiliter
1842 1787 2008 1874 obedire.

385 1905 568 2022 Receptis
597 1906 744 2025 pridem
773 1935 842 2021 per
870 1935 941 1992 nos
962 1906 1094 2018 literis
1131 1904 1349 2020 apostolicis
1389 1907 1682 2022 conseruatorijs
1719 1921 1757 1991 et
1785 1905 2010 2020 defensorijs

386 2023 515 2109 iurium
537 2024 797 2140 bonorumque
817 2054 865 2137 ec
885 2024 1094 2112 libertatum
1111 2022 1198 2110 dicti
1217 2022 1415 2110 reuerendi
1431 2025 1548 2140 patris
1564 2024 1700 2111 domini
1715 2025 1909 2126 lobannis,
1931 2023 2010 2141 cpi-

386 2141 494 2259 scopi
533 2144 665 2260 suique
694 2142 844 2257 capituli
874 2143 1208 2246 wladislauiensiS,
1239 2171 1324 2228 cunr
1345 2172 1390 2228 ea
1413 2173 1487 2260 qua
1515 2141 1640 2230 decuit
1670 2147 1909 2250 reuerencia,
1941 2168 2010 2258 pro

387 2275 493 2376 porte
513 2259 631 2376 ipsius
652 2260 790 2347 domini
812 2263 982 2378 episcopi
1003 2262 1113 2348 nobis
1133 2262 1376 2378 presentatis,
1408 2263 1457 2346 dc
1479 2261 1613 2378 quibus
1635 2275 1672 2347 et
1693 2291 1849 2380 quarum
1883 2277 2012 2348 tenore

387 2379 421 2463 in
444 2377 556 2464 literis
577 2393 616 2463 et
635 2379 881 2494 processibus
911 2378 1091 2491 citatoriis
1122 2407 1190 2492 per
1218 2407 1290 2463 nos
1315 2377 1478 2464 decretis
1499 2395 1536 2464 et
1556 2381 1703 2465 emissis
1734 2382 1770 2465 in
1797 2393 1876 2466 tcto
1899 2377 2014 2465 extitit

385 2496 486 2581 lacta
507 2495 616 2582 vobis
636 2494 747 2610 plena
767 2494 885 2600 lidos,
901 2511 942 2590 ,er
964 2495 1013 2579 de
1034 2493 1168 2610 quibus
1189 2493 1443 2599 hesitantibus,
1466 2493 1552 2580 loco
1573 2512 1610 2581 et
1631 2509 1799 2612 tempore
1820 2496 2013 2612 congruis,

388 2613 499 2700 iidem
530 2613 719 2699 indubiam
741 2613 938 2698 iaciemus:
990 2609 1090 2724 Quia
1118 2625 1206 2727 post
1232 2613 1557 2729 presentacionem
1588 2612 1792 2698 earundem
1823 2612 2012 2698 literarum

388 2731 497 2818 nobis
518 2761 588 2848 pro
610 2744 717 2849 parte
738 2731 855 2846 ipsius
877 2729 1013 2817 domini
1032 2727 1217 2816 iohannis
1238 2729 1407 2846 episcopi
1427 2730 1492 2816 iuit
1512 2732 1721 2846 expositum
1743 2759 1827 2816 curn
1850 2728 2013 2846 querela:

389 2850 582 2968 quomodo
603 2849 767 2935 nonnulli
789 2848 933 2934 nobiles
954 2863 992 2933 et
1012 2848 1153 2962 plebei,
1174 2847 1348 2935 videlicet
1367 2848 1538 2938 lacobus
1560 2848 1607 2933 de
1628 2853 1801 2960 Snydno,
1828 2845 2013 2963 subjudox

388 2969 578 3071 rauensis,
609 2965 792 3053 Nicolaus
821 2967 870 3052 de
890 2976 997 3080 dtupe
1017 2972 1269 3068 Kolcncrriro‚
1311 2966 1505 3054 lohannes
1542 2965 1590 3056 dc
1610 2972 1824 3054 Lulovidzo
1844 2980 1882 3053 et
1901 2961 2014 3052 Nico·

390 3088 472 3177 loos
493 3086 541 3170 de
566 3083 842 3195 oratornec),
864 3087 1109 3202 gneznensis
1133 3087 1322 3202 plocensis
1344 3101 1381 3172 et
1402 3086 1665 3201 poznnniensis
1695 3084 1875 3188 diocesis,
1907 3083 2014 3198 plura

390 3204 570 3321 dampna,
601 3204 792 3290 molestias
812 3220 849 3291 et
869 3205 1036 3306 iniurias,
1069 3204 1209 3316 predas
1229 3220 1267 3290 et
1286 3206 1513 3292 exacciones
1546 3204 1785 3320 pecuniarum
1798 3202 2014 3288 bominibus

389 3351 521 3408 mense
543 3337 580 3407 ct
601 3321 762 3408 ecclesia
783 3351 869 3425 sue,
901 3338 1032 3408 contra
1059 3319 1264 3408 libertatern
1286 3338 1323 3408 et
1336 3324 1401 3438 jus
1422 3323 1538 3438 ipsius
1559 3322 1723 3408 ecclesie
1743 3323 1872 3436 sepius
1891 3321 1927 3404 in
1948 3317 2015 3406 viis

393 3441 435 3525 lis
456 3457 493 3525 et
514 3439 654 3557 predijs
675 3469 805 3526 coram
831 3439 940 3526 nobis
970 3440 1222 3526 nominatis-et
1243 3439 1424 3555 expositis
1453 3439 1681 3543 intulissent,
1713 3442 1950 3556 irrogassent
1980 3450 2037 3522 et‘

393 3558 588 3664 iecissent;
620 3557 903 3676 propterquod
934 3559 1061 3660 nobiS,
1094 3587 1162 3676 pro
1190 3571 1295 3672 parte
1326 3557 1493 3644 eiusdem
1524 3557 1662 3644 domini
1689 3556 1873 3674 Episcopi
1902 3553 2020 3642 axrtrir

393 3675 659 3792 supplicatum,
691 3689 877 3794 quatenns
905 3677 1004 3762 iuxta
1036 3677 1200 3794 prelatas
1229 3677 1535 3762 conseruatorias
1562 3691 1598 3762 et
1625 3675 1859 3762 defensorias
1891 3673 2017 3760 literas

393 3793 625 3908 apostolicas
645 3795 918 3910 procedentes,
950 3794 1116 3882 remedia
1148 3793 1273 3882 debita
1304 3795 1611 3882 conseruaoionis
1633 3806 1671 3882 et
1690 3791 1919 3881 defensionis
1948 3789 2017 3876 hu-

394 3911 554 3999 iusmodi
576 3915 897 4032 oppressionibus,
919 3915 1079 4031 iniurijs,
1101 3913 1387 4018 exaccionibus,
1408 3913 1601 4030 violencijs
1622 3929 1659 4000 et
1679 3913 1806 4030 predis
1827 3937 2019 4026 apponen-

394 4311 577 4478 duplicatom
604 4311 717 4399 figurae
743 4313 891 4399 ejusmodi
960 4389 963 4396 Ι
1049 4315 1105 4378 ‚ln
1122 4313 1235 4381 ambitu
1262 4316 1401 4400 leguntur
1426 4315 1514 4381 baec:
1540 4317 1737 4394 „sermoni
1756 4317 1905 4406 prepositi
1925 4273 2044 4385 statuti⁸

394 4437 425 4479 oo
446 4413 559 4480 annu?

497 4549 539 4631 (²)
568 4549 744 4615 Menalca
759 4559 789 4616 et
802 4549 936 4616 Dmoot'n
949 4551 1037 4616 rillaa
1052 4550 1195 4616 territorii
1210 4553 1380 4628 Rawensis,
1403 4553 1533 4638 regionis
1548 4555 1767 4632 Brzezinonsis;
1790 4551 2020 4644 Kaloczyn'ter·

395 4632 489 4698 ritorii
506 4634 701 4720 Gujaviansis
717 4637 847 4721 regionis
863 4636 983 4704 Rudzio'
1006 4637 1124 4709 viantis:
1148 4637 1214 4704 villa
1229 4639 1441 4718 Pieniptkowa
1455 4659 1515 4702 non
1531 4642 1662 4704 occurrit
1677 4643 1707 4707 in
1722 4644 1840 4710 vicinio.
1954 4659 1957 4668 ¹

416 4799 422 4812 ¹
497 4718 538 4799 (ll
568 4705 690 4786 Stridon
706 4721 772 4786 villa
787 4721 930 4788 territorii
986 4723 1173 4798 amoriensis,
1195 4724 1327 4808 regionis
1344 4723 1549 4798 Crerscensis;
1572 4724 1730 4814 Kalpczyn
1743 4727 2021 4814 pluressuntvillco

396 4823 460 4898 epus
477 4805 606 4868 nominis
621 4805 651 4868 in
667 4808 757 4871 variis
774 4807 932 4892 provinciis
945 4809 1026 4872 sitae.
1064 4805 1253 4873 Lubowidzc
1277 4809 1345 4874 villo
1359 4807 1498 4873 territorii
1514 4807 1683 4890 Raweosis,
1699 4807 1830 4898 regionis
1845 4813 2020 4879 Brzezinon-

393 4906 448 4960 sis;
470 4883 622 4952 Kroozow
635 4889 769 4974 ejusdcm
784 4891 925 4957 territorii
940 4901 970 4957 ct
984 4891 1124 4974 regionis.
