4896 5926
1130 733 1405 808 -lea-

456 935 774 1041 Wla'dizlaviensi,
796 934 1121 1024 Comite'Badricc
1139 933 1355 1024 Castellanu
1370 931 1652 1053 Bydguscensi,
1670 931 1815 1022 Cumite
1832 932 2083 1052 Bugusclsic)

456 1056 674 1145 Castellanc
710 1053 1041 1172 Wissegrctlensi,
1077 1053 1240 1142 Domino
1272 1051 1472 1168 Mycbaele
1510 1051 1716 1168 Capellanc
1749 1055 1899 1158 nostru,
1936 1052 2082 1142 Cumite

454 1174 660 1263 Burtbusin
690 1174 920 1276 tezaurario,
952 1173 1096 1260 Cumite
1124 1171 1311 1258 Pribislau
1340 1167 1553 1288 subjudice,
1584 1184 1622 1256 et
1640 1170 1722 1256 aliis
1742 1169 1864 1256 multis
1883 1167 2080 1258 nubilibus,

455 1293 591 1379 Actum
613 1305 650 1377 et
666 1291 790 1380 datum
812 1293 847 1378 in
872 1297 1116 1391 Wauntacr'a,
1137 1289 1250 1376 Anne
1264 1287 1413 1376 Domini
1433 1285 1490 1373 Μο
1508 1286 1592 1373 CC⁰
1605 1285 1695 1374 XC⁰
1710 1317 1823 1392 nuuc,
1842 1289 1970 1404 quintu
1990 1286 2081 1376 ldus

452 1409 561 1515 lunii,
582 1410 787 1498 ludicticne
808 1409 1043 1496 duodecima.

1171 1687 1368 1806 CLlle.

521 1927 846 2024 hunmctae,
872 1945 1028 2012 annu
1053 1925 1203 2014 1299
1230 1923 1324 2010 dte
1348 1921 1418 2010 ³1
1443 1921 1645 2008 menete
1669 1924 2010 2010 Novembris.
2053 1951 2059 1962 ·

451 2123 763 2199 umam-1⁸11·
783 2125 853 2198 nu
872 2123 971 2216 urm
990 2123 1136 2199 rotomo
1156 2125 1252 2198 nun
1274 2127 1436 2204 maun,
1459 2139 1553 2214 qm
1566 2115 1719 2199 seusun
1731 2069 2079 2220 manuninum·

781 2225 902 2297 Lamo
916 2229 1108 2303 mutata
1122 2225 1268 2314 tetum,
1289 2223 1556 2316 renuntiationis
1568 2224 1687 2300 unca
1701 2227 1749 2312 (¹).
2161 2267 2163 2270 -

417 2400 423 2416 ’
552 2415 594 2506 lu
616 2417 764 2504 numine
784 2413 942 2519 domini,
972 2413 1104 2504 Amen.
1157 2413 1274 2528 Quod
1294 2411 1495 2533 magnilica
1522 2413 1728 2530 principum
1754 2411 1923 2504 decrevit
1949 2429 2077 2504 aucto-

449 2535 558 2636 ritas,
588 2547 707 2622 ratum
735 2548 773 2619 et
792 2531 926 2620 stabile
955 2531 1067 2620 debet
1120 2563 1325 2620 ermenere.
1373 2527 1458 2620 Nus
1478 2531 1591 2650 igitur
1609 2531 1828 2620 Vladislaus
1856 2529 1916 2620 dei
1943 2534 2077 2651 gracia

449 2651 527 2738 dux
545 2651 675 2770 Regni
696 2649 865 2754 Pulcnie,
885 2649 1070 2766 Princeps
1091 2564 1337 2755 inmerente,
1364 2663 1403 2736 et
1422 2647 1595 2738 dominus
1618 2647 1789 2753 Cuiavie,
1816 2647 2007 2756 Lancieie,
2028 2677 2078 2736 ac

448 2767 617 2874 Sirudie,
648 2784 773 2856 nutum
796 2767 953 2856 facimus
974 2780 1049 2854 tam
1071 2767 1308 2886 presentibus
1339 2797 1450 2884 quam
1479 2767 1627 2870 futuris,
1657 2781 1868 2882 presentem
1897 2767 2076 2885 paginam

448 2887 692 3002 inspecturis:
726 2883 827 3004 quud
848 2886 1092 3002 respicientes
1113 2883 1238 2974 lidelia
1258 2885 1417 2972 servicia
1447 2882 1621 3004 Magistri
1650 2883 1803 2972 Henrini
1825 2881 2019 3002 Capeliani
2039 2900 2078 2974 et

448 3001 742 3120 Subcancellarij
765 3003 895 3107 nostri,
922 3003 991 3090 sibi
1013 3001 1238 3090 conferimus
1260 3017 1297 3088 et
1317 3000 1451 3088 damus
1472 2999 1613 3094 invilla
1635 3030 1716 3105 sua,
1738 3032 1812 3120 que
1835 3007 1999 3090 l'iclrc'w
2020 2995 2075 3114 (²)

447 3119 641 3240 wlgariter
670 3137 924 3235 nuncupatur,
955 3149 1065 3238 quam
1094 3120 1164 3207 sibi
1194 3133 1232 3206 et
1256 3118 1430 3207 Ecclesia
1456 3147 1525 3207 sue
1545 3135 1675 3206 sancte
1704 3116 1859 3225 Crucis,
1887 3147 1958 3237 pru
1986 3117 2076 3206 dute

447 3237 529 3324 siue
559 3237 643 3322 villa
671 3235 838 3322 eiusdem
870 3235 1042 3335 Ecclesia
1072 3251 1204 3325 sancte
1235 3237 1370 3324 Crucis
1398 3233 1566 3324 Lesscze
1594 3247 1806 3354 nuncupata
1835 3237 2075 3352 permuttavi·

447 3385 531 3440 mus
551 3354 633 3466 (sic)
663 3367 700 3440 et
720 3367 980 3470 permuttatam
1009 3358 1020 3441 i
1048 3357 1079 3443 si
1100 3355 1396 3474 assignavimus
1428 3383 1512 3439 cum
1535 3355 1635 3442 omni
1649 3353 1756 3470 jure,
1778 3351 2016 3488 jurisditione
2037 3367 2075 3439 et

367 3541 370 3546 .
447 3471 637 3576 libertate,
667 3471 763 3557 sicut
789 3474 861 3556 iam
889 3387 1084 3562 dictales
1113 3503 1182 3560 seu
1202 3471 1288 3560 villa
1316 3469 1490 3558 Ecclesia
1520 3483 1652 3560 sancte
1682 3469 1814 3557 Crucis
1842 3476 1998 3558 Lesscze
2018 3467 2073 3581 (³)

447 3586 568 3688 dicta,
604 3589 770 3704 primitus
800 3587 947 3696 babuit,
979 3589 1038 3682 vel
1068 3591 1177 3677 etiam
1207 3589 1349 3676 babere
1378 3585 1595 3676 videbatur.¹
1638 3587 1867 3702 Adijcieutes
1895 3587 1966 3676 sibi
1995 3617 2072 3674 me·

445 3735 527 3792 ram
558 3705 762 3792 libertatem
783 3719 827 3792 et
845 3703 1035 3840 imperium
1065 3706 1256 3794 iueadern
1285 3705 1503 3825 supradicta
1530 3705 1616 3796 villa
1645 3703 1828 3792 Vichrnw
1856 3701 2071 3906 presidenplp'

239 3877 246 3894 ·
321 3903 326 3911 ,
446 3836 485 3910 et
517 3821 712 3940 judicandi
754 3837 827 3910 tam
866 3853 903 3910 m
939 3823 1065 3912 causis
1100 3823 1374 3928 criminalibus,
1414 3851 1525 3940 quam
1554 3821 1757 3928 civilibus,
1798 3819 2073 3940 etaccipieni

223 3956 231 3984 ⁸
323 3951 333 3984 ³
445 3956 481 4028 et
514 3939 678 4030 habendi
715 3956 789 4027 tam
824 3969 959 4056 penam
1001 3941 1132 4057 capitis
1173 3941 1403 4060 quindecim,
1442 3954 1483 4026 et
1516 3939 1774 4058 septuaginta,
1815 3969 1927 4057 quam
1961 3939 2071 4025 aliam

445 4087 717 4193 quamcunque,
739 4087 812 4176 que
833 4059 869 4144 in
891 4057 1024 4144 eadem
1045 4058 1131 4146 uilla
1151 4059 1188 4146 in
1209 4059 1288 4146 suis
1309 4055 1568 4146 emethuuibus
1588 4053 1786 4162 acciderit,
1816 4056 1876 4144 vel
1896 4055 2071 4144 accidere
2231 4061 2236 4070 '

445 4178 577 4292 poterit
617 4207 653 4264 un
690 4174 853 4292 presenti
888 4176 948 4262 vel
982 4177 1116 4263 luturo.
1170 4174 1390 4264 liberamus
1427 4175 1498 4262 sibi
1533 4177 1706 4292 insuper,
1745 4188 1784 4262 et
1811 4173 1965 4262 liberam
1999 4169 2070 4261 sibi

546 4422 556 4506 (
564 4421 585 4502 ¹)
614 4423 640 4488 Ε
656 4423 731 4489 libro
744 4443 837 4488 manu
851 4423 908 4488 scri
930 4431 960 4488 tn
973 4423 1098 4490 Matrica
1112 4424 1210 4508 Regni
1225 4421 1304 4489 dicto
1318 4423 1410 4488 literis
1423 4423 1481 4488 th
1494 4421 1611 4506 signatu
1624 4421 1677 4488 ΝΜ
1692 4419 1766 4488 Ltv.
1780 4441 1809 4520 p.
1823 4419 1897 4488 358.
1967 4397 1970 4404 Δ

473 4537 477 4545 =
545 4508 585 4590 (²)
618 4507 763 4572 Wr’clrrow
785 4507 891 4592 viltup
934 4507 989 4572 lica
1011 4509 1041 4572 in
1058 4509 1208 4594 prouincia
1229 4506 1426 4581 Masurieusi,
1445 4505 1596 4571 territorio
1609 4505 1810 4582 Luneicienu,
1830 4505 1953 4592 regione
1968 4503 2068 4588 Zgier·
2168 4582 2170 4586 ,

444 4589 525 4656 censi
547 4589 664 4654 sita—
676 4591 841 4686 Stanislaus
865 4592 1070 4740 prgpwski,
1092 4591 1262 4658 Gauunicus
1277 4589 1552 4667 wladislauiensis,
1573 4588 1718 4674 plebanus
1737 4583 1879 4656 ecclesiae
1894 4587 2069 4674 parochialis

442 4673 646 4826 ffligiffl'
670 4675 853 4824 officim
876 4675 926 4740 W·
978 4699 1023 4742 cu
1044 4683 1108 4742 erut
1127 4676 1263 4762 propriu,
1283 4675 1472 4761 privilegium
1487 4673 1579 4741 belum
1592 4673 1669 4758 Regi
1683 4671 1876 4759 Sigismundu
1889 4668 2069 4742 mufirmau‘·

545 4841 583 4927 (θ)
614 4841 690 4908 Villa
704 4839 824 4909 Larem
838 4841 894 4908 sita
910 4843 940 4908 in
956 4841 1107 4930 prouincia
1121 4842 1466 4950 Mascuiensitarritcriu
1480 4849 1512 4909 et
1523 4840 1647 4928 regione
1660 4838 1855 4908 Lauaicicusi.
