4926 5940
1105 715 1381 795 -tot-

427 923 637 1046 apostolice
657 921 760 1012 sedis
780 923 912 1044 gracia
933 919 1129 1042 Episcopo
1154 919 1442 1025 Oiomnczensi,
1464 931 1552 1007 tunc
1572 919 1722 1040 pailaoij
1741 951 1946 1012 causarum
1966 953 2060 1044 apo·

428 1045 550 1135 stolici
585 1041 741 1160 predicti
767 1040 948 1158 auditorj,
979 1041 1205 1130 audiendam
1233 1041 1398 1148 comisit,
1434 1039 1768 1244 cognoscendam,
1798 1041 2059 1150 decidendam,

428 1181 465 1252 et
484 1159 560 1248 fine
580 1160 708 1248 debito
730 1160 999 1247 terminandam
1021 1190 1105 1246 cum
1128 1159 1300 1248 omnibus
1321 1171 1359 1246 et
1379 1161 1491 1276 singu
1507 1160 1538 1246 is
1559 1159 1638 1251 suis
1660 1163 1913 1280 emergencijs
1925 1229 1935 1270 ,
1966 1164 2058 1250 inoi-

427 1281 589 1400 dencijs‚
621 1277 891 1396 dependenoijs
914 1293 951 1366 et
986 1279 1177 1366 connexis.
1229 1277 1393 1396 Ipseque
1421 1277 1595 1365 dominus
1633 1277 1789 1365 Cunczo
1824 1277 2055 1398 Episcopus,

427 1417 516 1489 tnnc
535 1395 693 1501 auditor,
714 1411 913 1514 postquam
935 1426 1090 1486 causam
1112 1395 1272 1484 eandem
1292 1396 1327 1480 in
1345 1411 1445 1485 statu
1460 1393 1586 1482 debito
1607 1413 1875 1512 resumpserat,
1892 1428 1952 1503 ac,
1973 1397 2055 1486 dic-

425 1532 465 1606 to
484 1515 658 1603 dohanne
679 1515 756 1600 vita
775 1515 913 1620 iuncto,
934 1514 985 1602 da
1004 1544 1168 1632 persona
1189 1513 1410 1602 Reverendi
1434 1514 1551 1630 patris
1581 1512 1720 1600 domini
1747 1514 1935 1602 iohannis
1959 1514 2051 1635 Epi

425 1637 534 1752 scopi
555 1631 894 1737 Wiadislaviensis,
908 1633 1069 1721 ecclesie
1091 1629 1420 1722 Wiadistaviensis
1436 1649 1525 1720 tunc
1540 1633 1705 1748 pastoris
1721 1633 1864 1720 solacio
1876 1632 2053 1722 destitute

425 1752 635 1871 apostolica
655 1747 876 1838 auctoritate
897 1753 1100 1868 provisum,
1121 1753 1203 1872 ipse
1224 1751 1272 1836 itt
1289 1751 1325 1836 in
1341 1750 1573 1868 Episcopum
1595 1763 1633 1835 et
1652 1765 1842 1866 pastorem
1863 1752 2051 1868 prefectus

424 1873 562 1974 iuerat,
592 1899 790 1987 perperam
811 1870 847 1956 in
870 1871 952 1987 ipsa
973 1899 1090 1957 causa
1112 1867 1345 1986 pinnedene,
1367 1868 1605 1972 diffinitivam,
1622 1897 1691 1984 per
1712 1899 1823 1986 quam
1845 1898 2052 1986 proconsu-

423 1989 496 2090 les,
517 1987 710 2089 consules,
741 1986 928 2102 opidanos
945 2003 982 2075 et
998 1989 1277 2074 universitatem
1296 1986 1488 2106 predictos
1503 1985 1553 2072 ab
1574 1987 1809 2102 impeticione
1830 1987 1919 2074 dicti
1939 1987 2056 2075 domi-

422 2110 460 2196 ni
479 2104 661 2226 Episcopi
682 2105 837 2222 prefecti
858 2105 939 2216 (sic)
960 2106 1138 2209 absolvit,
1160 2109 1389 2192 sentenciam
1410 2107 1447 2190 in
1467 2105 1617 2218 scriptis
1637 2103 1713 2190 tudit
1734 2121 1771 2191 et
1785 2104 2051 2223 promulgavit.

422 2227 550 2336 Aqua
566 2253 636 2340 pro
653 2235 760 2338 parte
776 2221 861 2308 dicti
878 2220 1016 2308 domini
1037 2220 1222 2341 Episcopi
1242 2225 1393 2338 preteeti
1411 2222 1493 2332 (sic)
1508 2221 1840 2323 Wtadislaviensis,
1857 2221 1909 2306 ad
1924 2224 2054 2338 prefa-

423 2357 498 2429 tam
514 2339 643 2428 sedem
659 2338 917 2456 Apostolicam
935 2341 1132 2457 inscriptis
1148 2341 1336 2458 appellato
1348 2341 1442 2453 (sic),
1456 2341 1622 2455 prefatus
1638 2338 1754 2424 ieiicis
1766 2337 2053 2428 recordacionis

423 2459 595 2548 dominus
614 2455 800 2544 Martinus
821 2457 931 2572 Papa
961 2459 1127 2569 quintus,
1150 2487 1304 2566 causam
1325 2457 1594 2574 appellacionis
1614 2456 1826 2544 huiusmodi
1847 2455 2052 2546 venarabili

422 2593 460 2665 et
479 2578 752 2693 circumspecto
774 2575 853 2662 viro
874 2575 1027 2664 domino
1055 2576 1217 2694 dohanoj
1251 2576 1300 2664 de
1319 2583 1453 2678 Metto,
1484 2574 1892 2664 decretorum‘doctori
1913 2591 1949 2662 et
1969 2577 2048 2694 pat·

419 2697 503 2812 lacij
526 2723 727 2781 causamm
748 2695 946 2813 apostolici
977 2694 1134 2809 predicti
1164 2693 1324 2813 auditorj
1355 2693 1583 2781 audiendam
1611 2695 1773 2800 comisit,
1806 2723 2046 2811 cognoscen-

420 2813 529 2918 dam,
550 2811 798 2899 decidendam
827 2825 865 2898 et
883 2811 957 2899 fine
978 2811 1104 2900 debito
1138 2812 1408 2900 terminandam
1429 2843 1514 2900 curn
1535 2813 1707 2898 omnibns
1735 2823 1773 2897 et
1792 2810 1948 2931 singulis
1968 2813 2047 2898 suis

420 2961 523 3019 erner
578 2932 687 3046 ncijs,
719 2928 954 3048 incidencijs,
985 2928 1254 3048 dependencijs
1283 2946 1320 3018 et
1352 2931 1544 3018 connexis.
1599 2929 1675 3044 Qui
1699 2929 1873 3018 dominus
1902 2927 2048 3018 dohan-

416 3081 489 3136 nes
538 3081 558 3134 e
578 3054 693 3134 Metto
714 3046 871 3155 auditor,
893 3049 930 3135 in
951 3077 1068 3136 causa
1090 3048 1301 3137 huiusmodi
1321 3052 1390 3136 rite
1406 3048 1631 3168 procedens,
1653 3049 1816 3166 cognitis
1837 3049 1954 3163 ipsius
1976 3078 2048 3136 me-

255 3175 261 3180 “
418 3168 508 3271 ritis,
528 3165 727 3253 servandis
748 3167 919 3276 seruatis
934 3168 1164 3256 sentenciam
1187 3166 1415 3256 diffinitivam
1432 3169 1471 3254 in
1486 3169 1636 3284 scriptis
1651 3167 1731 3253 tulit
1746 3181 1781 3254 et
1798 3167 2049 3284 promulgavit

419 3287 455 3372 in
475 3284 576 3370 hunc
597 3283 765 3372 modum:
1221 3345 1234 3368 .

521 3402 659 3490 Christi
679 3403 827 3492 nomine
843 3405 1030 3512 invocato,
1053 3435 1123 3524 pro
1139 3403 1309 3493 tribunati
1330 3395 1509 3494 sedentes
1531 3419 1568 3492 et
1583 3403 1704 3490 solum
1726 3403 1847 3492 Denrn
1868 3431 1936 3520 pre
1956 3429 2044 3490 ocu·

302 3591 306 3598 .
416 3521 462 3608 tis
482 3520 680 3622 habentes,
702 3521 753 3608 de
771 3522 1004 3612 dominorum
1026 3540 1239 3612 nostrorum
1261 3523 1527 3612 Coauditorurn
1550 3522 1706 3610 consilio
1728 3537 1766 3608 et
1784 3549 1956 3628 assensu,
1976 3549 2048 3640 per

363 3705 366 3714 .
414 3637 516 3724 hanc
535 3653 702 3725 nostram
723 3639 951 3729 diffinitivam
972 3643 1212 3748 sentenciam,
1234 3668 1345 3753 quam
1367 3643 1519 3729 ierimus
1539 3641 1575 3726 in
1596 3638 1668 3756 hijs
1688 3641 1856 3756 scriptis,
1884 3667 2048 3756 pronun·

417 3757 582 3860 ciamus,
613 3755 851 3844 decernimus
871 3773 909 3845 et
929 3759 1184 3864 declaramus,
1217 3791 1285 3878 per
1305 3761 1443 3846 dictum
1465 3759 1652 3846 dominum
1677 3757 1922 3844 Cuncznnem
1944 3755 2048 3844 audi-

416 3890 534 3962 torem
555 3874 592 3959 in
613 3873 826 3974 huiusmodi
846 3903 984 3979 causa,
1015 3902 1089 3987 que
1111 3891 1198 3962 tunc
1218 3906 1348 3964 coram
1370 3907 1417 3965 eo
1435 3879 1470 3962 in
1492 3879 1612 3994 prima
1631 3876 1870 3974 vertebatur,
1889 3889 1926 3960 et
1945 3901 2045 3960 nnnc

415 4021 546 4080 coram
567 3991 677 4078 nobis
704 3991 740 4079 in
762 3991 930 4080 secunda
960 3996 1115 4086 vertitur
1146 3995 1354 4099 instancia,
1383 3994 1619 4082 interdictas
1640 4008 1767 4111 partes
1802 3991 1851 4077 de
1872 4002 1911 4076 et
1930 4016 2047 4108 super

417 4110 665 4198 demolicione
686 4109 787 4197 dicte
807 4111 943 4200 domus
964 4125 1001 4199 et
1021 4113 1135 4200 rebus
1155 4112 1238 4230 aiijs
1259 4111 1448 4212 deductis,
1484 4128 1521 4199 et
1542 4141 1671 4198 earum
1701 4110 1927 4214 occasione,
1948 4107 2045 4196 maie

415 4243 451 4315 at
470 4228 593 4340 inique
612 4229 729 4316 inisse
750 4241 787 4315 at
808 4260 896 4318 esse
916 4259 1158 4346 processum,
1189 4231 1459 4318 sentenciatum
1490 4245 1526 4317 et
1546 4228 1756 4316 diffinitum:
1798 4228 1953 4338 eiusque
1973 4223 2040 4312 dt-

412 4345 589 4436 finitivam
614 4348 864 4453 sentenciam,
895 4378 943 4434 ex
963 4349 1108 4435 noviter
1135 4377 1265 4436 coram
1291 4349 1400 4436 nobis
1429 4346 1643 4466 productis,
1671 4344 1923 4433 revocandam
1958 4343 2042 4430 iore

414 4477 452 4549 et
470 4491 708 4555 revocamus.
759 4464 810 4552 Et
830 4493 899 4584 pro
921 4478 1029 4583 parte
1058 4465 1144 4554 dicti
1171 4465 1310 4554 domini
1336 4465 1519 4584 Episcopi
1540 4464 1591 4552 ab
1612 4463 1746 4551 eodem
1769 4463 1918 4550 domino
1939 4459 2042 4548 Cun·
2113 4572 2118 4580 .

412 4607 533 4668 ezone
552 4581 741 4688 auditore,
773 4583 928 4697 eiusque
949 4581 1138 4676 diffinitiva
1160 4585 1351 4672 sentencia
1378 4581 1609 4685 huiusmodi,
1642 4581 1740 4670 bene
1760 4582 1875 4670 inisse
1896 4591 1933 4666 et
1953 4607 2042 4668 osse

412 4711 660 4817 provocatum
680 4713 717 4786 et
736 4703 973 4820 appellatum.
1025 4699 1205 4790 Necnon
1235 4714 1369 4791 nostra
1393 4702 1475 4820 parj
1498 4701 1690 4788 diffinitiva
1730 4699 1923 4788 sentencia
1948 4725 2039 4814 pro·

307 4847 312 4865 ·
412 4815 652 4924 nunciamus,
683 4817 921 4908 decerninus
949 4835 987 4908 et
1008 4819 1268 4910 dederamus:
1295 4819 1583 4910 subversionem
1616 4816 1717 4908 dicte
1738 4815 1876 4906 domus
1902 4813 2044 4904 eteius
