4984 5930
1150 709 1371 779 ..6-

447 913 533 1002 Deo
560 915 745 1016 minuere,
775 927 839 998 aut
863 910 1030 1008 aulerre,
1061 925 1125 996 aut
1145 908 1269 1027 aliqua
1290 909 1494 997 temeritate
1520 910 1663 997 violare
1683 909 1860 1016 voluerit,
1890 925 2073 1027 perpetuo

446 1031 692 1119 anathematis
721 1028 872 1116 vinculo
899 1028 1114 1133 subiaceat,
1146 1043 1183 1114 et
1211 1030 1248 1114 in
1275 1040 1443 1115 extremo
1471 1029 1640 1114 examine
1668 1056 1797 1114 coram
1824 1029 1923 1115 iusto
1944 1028 2074 1142 judice

446 1150 531 1236 Deo
562 1149 649 1234 mibi
682 1145 925 1266 respondeat.
983 1147 1095 1233 Anno
1130 1144 1327 1232 Dominice
1358 1145 1633 1233 incarnacionis
1668 1145 1727 1232 Μο
1756 1145 1805 1230 C⁰
1833 1143 1992 1232 LXXX⁰
2023 1145 2074 1228 V⁰

445 1266 604 1384 Epacta.
635 1263 756 1354 XVll.
774 1277 1023 1354 concurrente
1040 1264 1158 1380 prima
1172 1263 1273 1352 Xlll.
1292 1263 1489 1354 Kalendas
1504 1263 1712 1368 Februarii,
1735 1262 1872 1352 collata
1888 1279 1973 1352 sunt
1990 1261 2070 1350 bec.

1224 1578 1300 1691 ΙΙΙ.

443 1847 1000 1943 suarmcauaaaeeae‚
1036 1865 1192 1932 anno
1217 1844 1360 1932 1218
1387 1847 1480 1930 dte
1505 1847 1579 1934 10
1605 1848 1805 1932 meam
1830 1847 2071 1954 Aummtt.
2204 1959 2206 1962 Ι

444 2033 701 2108 vaurum
724 2035 795 2108 ltux
815 2032 961 2129 trierim
990 2035 1024 2104 et
1050 2031 1210 2108 lusanae
1233 2029 1664 2112 decacuminanda,
1694 2032 1735 2104 ab
1760 2045 1822 2104 aro
1844 2049 1903 2106 aaa
1923 2031 2072 2106 tetarlon

904 2131 1025 2210 cuidam
1037 2136 1127 2202 Beer
1139 2133 1224 2208 dicto
1238 2134 1371 2221 betam
1392 2134 1555 2208 contram
1569 2135 1617 2219 (¹).

543 2359 585 2444 ln
620 2360 767 2448 nomine
799 2359 916 2476 patris
951 2371 989 2444 et
1016 2357 1077 2444 lilii
1112 2374 1149 2445 et
1177 2359 1328 2474 spiritus
1349 2360 1487 2462 sancti,
1523 2388 1643 2445 amen.
1702 2356 1891 2470 Quoniam
1922 2389 1968 2446 ea
2000 2389 2073 2478 que

443 2493 608 2595 aguntur
636 2479 882 2594 intempore,
913 2505 988 2564 non
1010 2474 1147 2564 decent
1167 2477 1249 2588 (sic)
1278 2478 1314 2564 in
1336 2477 1558 2564 obliuionem
1587 2478 1754 2594 mjgrare
1778 2505 1864 2582 ¹cum
1880 2491 2070 2593 tempore.

442 2595 535 2682 inde
556 2610 625 2700 est,
656 2593 757 2714 quod
780 2625 856 2714 ego
882 2594 925 2680 C.
940 2591 993 2708 (⁶²)
1015 2587 1102 2682 Dux
1124 2595 1285 2713 quyauie
1306 2609 1343 2681 et
1362 2594 1538 2710 lllazovje
1558 2595 1695 2682 lactura
1716 2595 1896 2682 memoria
1917 2593 2071 2715 dignum

440 2714 608 2920 presenti
643 2713 783 2831 pagina
819 2713 855 2800 in
884 2712 1007 2812 lutura
1044 2714 1230 2802 transmisi
1259 2728 1440 2830 tempora.
1496 2711 1636 2801 Notum
1672 2713 1784 2846 igitur
1818 2711 1935 2816 facio,
1969 2711 2072 2831 quod

466 2832 625 2920 lartinus
646 2831 806 2952 grabibc
825 2859 946 2948 nepos
967 2830 1086 2965 leljcjs
1106 2832 1286 2948 memorje
1307 2831 1472 2948 hugonjs
1491 2832 1565 2948 .qui
1592 2844 1880 2963 cogpommatus
1902 2843 1961 2916 est
1982 2839 2073 2916 lucr

291 2961 307 3069 ἃ,
385 2947 390 2971 '
441 2948 612 3038 homines
634 2948 817 3066 quosdam
832 2947 978 3080 judicjo
1000 2960 1149 3062 ujactos
1170 2949 1206 3034 in
1226 2949 1389 3063 antjcum
1410 2946 1559 3035 seduxit
1578 2950 1790 3064 serupcjum
1816 2945 1917 3066 quod
1940 2946 2073 3036 dicitur

441 3073 677 3180 spudouajej,
708 3068 744 3152 in
773 3095 847 3184 quo
876 3065 1103 3182 principibus
1134 3064 1356 3151 tenebantur
1386 3065 1557 3182 polonje‚
1590 3095 1686 3184 quos
1708 3068 1828 3183 ecjam
1849 3095 1944 3153 auus
1966 3070 2071 3154 meus

439 3185 586 3303 prelato
607 3186 642 3271 b.
665 3185 792 3300 intujtu
814 3183 1010 3300 probitatis
1032 3182 1186 3269 contulit
1205 3195 1243 3268 et
1262 3183 1467 3299 posteritatj
1489 3183 1616 3302 ipsius.
1666 3182 1774 3270 Unde
1796 3213 1872 3302 ego
1893 3183 2071 3300 donacjo·

441 3333 524 3388 nem
553 3301 710 3420 predictj
739 3302 799 3418 auj
822 3302 893 3418 mej
922 3299 1116 3418 Bolezlaaj
1139 3315 1256 3388 ratam
1278 3300 1440 3406 babens,
1472 3303 1592 3418 acjam
1614 3299 1787 3418 iudiojum
1810 3318 1978 3420 tempore
1999 3303 2069 3419 mej

368 3437 376 3514 i
438 3435 563 3508 aotam
586 3420 749 3536 presentj
773 3420 911 3538 pagina
935 3419 1166 3534 confirmaaj.
1199 3419 1335 3506 Actum
1357 3449 1485 3506 coram
1508 3421 1793 3535 pincernameo
1814 3419 2070 3508 Zuentozlauo

316 3563 327 3634 ς
439 3537 517 3654 bijo
538 3535 730 3653 pribizlauj
753 3553 788 3623 et
810 3535 1111 3654 subjudicemeo
1132 3537 1249 3624 Petro
1269 3535 1345 3624 filio
1371 3535 1576 3624 Gostizlau'
1599 3536 1820 3656 Golegeuje.
1868 3537 1948 3625 Sub
1969 3540 2070 3626 testi·

439 3653 512 3742 bus
534 3653 668 3742 talibus
688 3652 877 3742 videlicet:
902 3652 1114 3771 Laurencjo
1135 3655 1427 3758 subcamerario‚
1456 3569 1601 3742 oilardo
1622 3659 1816 3772 preposito
1838 3654 1886 3740 de
1908 3656 2070 3742 ecclesia

540 3903 580 3988 (Ι)
608 3903 655 3968 Ex
681 3901 841 3990 archetypo
869 3904 1097 3970 membranaceo
1126 3904 1156 3968 in
1180 3903 1325 3968 tabulario
1354 3903 1497 3970 ecciesiae
1518 3882 1762 3970 Vladislduieasis
1784 3915 1948 3972 asseruato.
1991 3907 2070 3972 Huic

439 3987 557 4055 tabulae
572 4007 705 4075 appensa
720 3996 807 4052 erant
819 3988 876 4053 tria
891 3989 1002 4074 sigilla:
1024 3988 1132 4052 horum
1146 3986 1216 4064 duo,
1237 4007 1316 4074 quae
1330 3987 1427 4052 adbuc
1440 3995 1567 4064 restant,
1589 3988 1646 4054 filis
1661 3989 1763 4054 sericis
1777 3989 1885 4056 coloris
1900 3991 1986 4057 rubei
2001 3999 2071 4057 sunt

437 4091 587 4159 appensa:
612 4073 739 4138 altanum
754 4072 880 4137 minoris
902 4071 1016 4138 lormae
1038 4071 1158 4158 penitius
1172 4071 1373 4148 damaetam,
1398 4071 1524 4137 alterum
1539 4072 1659 4158 majoris
1673 4071 1787 4138 formae
1803 4075 1923 4140 exbibet
1937 4076 2069 4174 equitem

436 4178 517 4243 equo
532 4157 722 4244 insidentem.
743 4155 979 4304 Intarppnpendi
994 4157 1089 4242 signa,
1103 4156 1203 4221 minus
1218 4164 1287 4241 apte
1302 4164 1432 4233 exarata,
1446 4155 1599 4222 literarum
1614 4157 1728 4234 ductus
1744 4167 1955 4243 argumentum
1970 4179 2069 4245 ipsum

436 4241 622 4338 perplexum
635 4241 713 4306 banc
727 4241 857 4306 tabulam
874 4241 973 4328 alque
987 4261 1025 4306 ex
1037 4249 1120 4326 parte
1133 4248 1303 4326 suspectam
1313 4240 1449 4316 reddrmte
1465 4241 1523 4307 rim
1539 4249 1640 4309 tamen
1652 4242 1729 4328 iuris
1740 4263 1807 4309 eam
1818 4243 1968 4320 babuisse,
1979 4252 2068 4308 notae

437 4345 469 4388 m
484 4333 606 4390 externa
622 4325 686 4408 ejus
701 4333 786 4410 parta
801 4327 954 4411 appositae
970 4347 1024 4390 nos
1038 4325 1226 4390 convincunt

543 4408 579 4490 (²)
609 4407 765 4474 Corradus
786 4411 855 4474 Dux
878 4409 1037 4487 Ga'ariaa,
1058 4409 1200 4474 ducatum
1214 4409 1295 4475 bunc
1308 4409 1438 4475 obtinuit
1452 4409 1482 4475 in
1497 4409 1646 4498 colloquio
1660 4431 1740 4476 anno
1759 4411 1838 4476 lant
1861 4411 2069 4476 Sandomiriae

436 4491 603 4568 celebrato,
631 4501 702 4589 tunc
724 4513 817 4577 quum
830 4431 1033 4589 ,hereditatem
1056 4501 1212 4580 paternam
1241 4515 1310 4559 cum
1333 4493 1423 4560 lratra
1446 4515 1501 4559 suo
1522 4497 1656 4560 Lescone
1677 4494 1844 4571 dividebat3
1874 4495 1983 4578 agebat
2003 4501 2068 4560 tum

436 4583 555 4643 sextum
577 4575 727 4641 decimum
749 4583 853 4641 aeuus
874 4595 1006 4642 annum:
1032 4598 1129 4642 annus
1151 4579 1251 4663 itaque
1276 4578 1357 4644 1218
1379 4579 1479 4643 minus
1499 4587 1580 4642 recta
1600 4579 1644 4643 uti
1658 4579 1742 4644 xix
1758 4579 1821 4663 ojus
1836 4579 1922 4660 regni
1937 4577 2069 4655 afferam,

436 4660 586 4748 siquidem
609 4667 674 4725 crat
695 4659 750 4724 xt.
782 4661 827 4724 Ea
842 4681 964 4747 quoque
981 4681 1030 4726 res
1045 4669 1146 4726 movet
1160 4681 1225 4738 nos,
1245 4670 1281 4728 ut
1293 4661 1425 4727 tabulam
1440 4661 1516 4726 banc
1530 4662 1662 4746 spuriam
1677 4681 1745 4728 esse
1759 4661 1929 4734 credamus,
1951 4662 2068 4727 etiamsi

436 4765 555 4812 errores
584 4741 785 4828 chronologici
814 4745 933 4830 saepius
962 4741 998 4809 iis
1027 4745 1154 4810 saeculis
1183 4754 1351 4811 occurrunt.
1394 4744 1540 4810 Tabulam
1562 4744 1639 4810 banc
1661 4745 1854 4810 nibilominus
1878 4745 2067 4812 inserendam

293 4837 300 4850 “
435 4837 538 4896 nostro
553 4827 698 4895 rolmnini
712 4827 862 4906 duximus,
886 4849 981 4917 quum
996 4832 1119 4894 nomina
1134 4830 1255 4916 propria
1268 4829 1316 4895 bic
1330 4836 1470 4895 contenta
1485 4828 1607 4894 maximi
1622 4829 1767 4894 momenti
1782 4829 1868 4894 nobis
1884 4828 2066 4896 uiderentur.
