4926 5940
1072 755 1344 830 -too-

393 955 445 1074 do
466 987 535 1046 seu
556 956 704 1044 ciuitate
723 952 970 1044 advocaciam
991 953 1105 1044 nobili
1125 955 1316 1046 Stanislao
1337 954 1387 1042 de
1406 961 1582 1070 Bycla'cze
1601 951 1672 1068 (³),
1693 971 1826 1047 nostro
1845 957 1946 1049 lideli
1967 961 2024 1050 ci:

391 1075 490 1166 lecto
511 1104 597 1163 cunr
617 1076 697 1166 suis
716 1072 1006 1164 successoribus
1024 1073 1231 1192 legittimis,
1251 1089 1291 1162 ut
1310 1105 1378 1192 par
1393 1075 1473 1162 eius
1488 1073 1649 1164 studium
1671 1085 1751 1162 eto
1803 1105 1883 1166 rom
1903 1081 2025 1168 collo.

392 1195 472 1282 cari
498 1193 625 1280 valeat
651 1207 688 1280 et
714 1191 904 1280 hominum
935 1191 1104 1280 velocius
1133 1190 1363 1281 multitudiue
1392 1193 1524 1312 prolioi
1558 1205 1595 1280 ct
1620 1193 1837 1311 adimperi,
1875 1194 2021 1302 damus,
2170 1215 2181 1234 '

393 1311 597 1418 donamus,
629 1311 854 1399 conterimus
876 1325 913 1398 et
931 1309 1114 1430 largimur
1133 1326 1315 1434 perpetue
1335 1325 1373 1398 et
1391 1313 1428 1398 in
1450 1341 1567 1417 emm,
1588 1340 1673 1399 curn
1695 1325 1858 1426 quotuor
1878 1319 2021 1405 mansis

392 1429 538 1534 liberis,
569 1457 643 1518 una
665 1427 774 1516 stuba
795 1427 974 1534 balneoli,
990 1457 1079 1514 ,una
1101 1427 1216 1518 domo
1244 1459 1328 1517 curn
1351 1460 1424 1520 una
1444 1458 1545 1536 area,
1566 1429 1662 1517 ultra
1683 1427 1778 1518 alias
1799 1461 1913 1522 areas
1935 1431 2021 1521 dicti

391 1578 416 1636 o
445 1547 493 1636 idi
515 1577 716 1651 comunes,
773 1547 853 1634 uasi
876 1577 944 1664 per
965 1545 1125 1633 medium
1147 1549 1255 1636 unius
1275 1575 1366 1635 aree
1387 1547 1538 1654 laciori,
1560 1577 1644 1635 curn
1666 1577 1741 1636 uno
1790 1564 1874 1638 rato
1897 1565 1931 1638 et
1955 1549 2020 1638 du·

390 1579 487 1756 allus
509 1665 717 1767 thabernis,
746 1579 898 1754 duabus
920 1665 1079 1756 cameris
1100 1665 1299 1783 pistorum,
1325 1663 1473 1754 duobus
1492 1665 1682 1782 maccellis
1699 1579 1787 1780 (siclJ
1804 1669 2020 1763 carnificum

391 1799 429 1871 et
450 1783 600 1874 duobus
620 1786 724 1872 ortis.
768 1782 861 1870 ltenr
883 1813 967 1869 cum
989 1783 1107 1870 tercio
1128 1781 1283 1872 denario
1305 1781 1353 1870 de
1370 1785 1470 1872 oruni
1486 1813 1528 1872 re
1544 1785 1705 1873 iudicata
1721 1785 1758 1872 in
1774 1784 1875 1873 dicto
1892 1787 2019 1904 opido,

390 1905 471 1990 siue
493 1903 665 2009 ciuitate,
697 1931 782 1987 cum
803 1916 911 1989 sexto
935 1901 1092 2010 denario
1114 1932 1253 1990 census
1275 1901 1376 2020 opidi
1406 1905 1488 1994 siue
1509 1904 1668 1991 ciuitatis
1684 1902 1863 2021 predicte.
1926 1905 2018 1992 ltem

389 2021 512 2107 ornnia
537 2021 750 2136 juramenta
782 2018 875 2108 alias
899 2025 1142 2132 prm'mosmo
1169 2050 1216 2106 ex
1237 2020 1534 2140 quibuscumque
1554 2024 1682 2110 causis
1703 2021 1894 2138 injudicio
1918 2021 2019 2140 opidi

389 2135 546 2255 predicti
567 2137 891 2253 prouenicntibus‚
908 2167 993 2341 (Γπ
1021 2138 1142 2255 ipsum
1170 2153 1206 2230 ot
1236 2140 1317 2228 eius
1346 2169 1595 2228 successores
1616 2139 1812 2227 habenda,
1844 2140 2018 2248 tenenda,

389 2255 615 2360 ulilruenda,
645 2285 717 2342 nec
738 2285 813 2342 non
833 2287 904 2343 ven
935 2255 1056 2360 enda,
1078 2255 1358 2344 commutanda,
1380 2257 1429 2344 de
1450 2287 1639 2346 consensu
1661 2273 1792 2346 nostro
1814 2273 1851 2346 et
1871 2272 2019 2346 nostro

389 2403 470 2479 rom
491 2363 761 2464 successorum
781 2387 819 2462 et
837 2374 932 2462 alios
952 2372 1230 2470 conuertenda,
1260 2390 1372 2490 prout
1390 2375 1460 2462 sibi
1481 2388 1519 2462 ot
1539 2377 1619 2471 suis
1646 2377 1936 2466 successoribus
1962 2379 2019 2492 lvi»

389 2491 537 2580 debitur
557 2489 679 2578 utilius
700 2503 738 2575 et
759 2489 889 2576 melius
908 2488 1095 2606 expedire.
1131 2488 1306 2579 Racione
1327 2493 1434 2579 cuius
1456 2489 1665 2578 aduocacie
1686 2491 1783 2577 idern
1806 2493 2019 2581 Stanislaus

387 2625 425 2698 at
445 2609 525 2696 eius
555 2633 806 2696 successores
843 2604 952 2694 nobis
984 2609 1021 2692 et
1049 2608 1341 2696 successoribus
1370 2610 1511 2696 nostris
1549 2609 1599 2694 od
1630 2608 1832 2812 quamlibet
1862 2612 2018 2727 expedi-

388 2729 533 2816 cionem
555 2737 722 2814 nostram
740 2739 871 2814 contra
893 2723 1152 2845 quoscumque
1171 2725 1303 2814 hostes
1324 2741 1477 2815 nostros
1499 2739 1535 2814 et
1554 2726 1645 2813 rebe
1660 2724 1736 2821 les,
1758 2755 1843 2812 curn
1866 2726 2016 2816 duobus
2170 2803 2175 2818 .

386 2847 498 2966 equis
530 2858 568 2935 et
602 2873 681 2932 una
719 2845 853 2932 balista
899 2844 1037 2932 debent
1081 2843 1190 2932 nobis
1225 2860 1263 2936 et
1292 2847 1432 2934 nostris
1462 2844 1752 2932 successoribus
1784 2844 1943 2966 obsequi
1980 2861 2017 2934 et

385 2965 541 3056 seruire.
600 2961 690 3052 Hoc
726 2963 843 3052 eciam
880 2963 1093 3082 specialiter
1127 2963 1279 3084 preciso
1315 2980 1350 3054 et
1386 2975 1591 3081 expresso,
1628 2959 1731 3074 quod
1767 2961 1904 3062 dictum
1935 2965 2017 3082 opi·

387 3081 494 3180 dum,
529 3093 746 3202 postquam·
765 3081 917 3172 libertas
953 3081 1088 3218 ipsius,
1129 3111 1239 3202 quam
1277 3081 1346 3172 sibi
1382 3083 1433 3170 ad
1468 3082 1598 3200 viginti
1626 3110 1748 3170 annos
1775 3093 1908 3168 tenore
1928 3113 2016 3198 pre-
2054 3128 2060 3153 ι

384 3199 551 3292 sencium
573 3198 839 3293 concedimus,
870 3201 1134 3318 exsprrauerit‚
1165 3200 1215 3288 ad
1237 3203 1361 3290 omnia
1375 3203 1483 3322 jura,
1505 3199 1722 3289 soluciones
1743 3214 1781 3286 et
1800 3203 2014 3288 conswetu·

386 3317 493 3408 dines
521 3317 605 3432 (sic)
634 3316 743 3406 nobis
770 3329 960 3410 teneatur·
991 3319 1087 3406 sicut
1112 3317 1184 3406 alie
1219 3321 1387 3408 ciuitates
1409 3333 1538 3410 nostre
1558 3317 1628 3406 sibi
1649 3317 1770 3408 ticine
1791 3316 1900 3404 nobis
1921 3319 2015 3407 obli·

384 3452 533 3557 gantur.
593 3433 779 3526 Volumus
798 3451 944 3540 aulem,
976 3433 1077 3552 quod
1099 3435 1250 3555 opidum
1273 3435 1439 3528 nostrum
1461 3437 1675 3558 predictum
1701 3465 1785 3522 curn
1818 3436 1902 3554 alijs
1924 3437 2014 3524 ciui·

383 3555 522 3643 tatibus
543 3555 682 3646 uostris
703 3567 740 3643 et
761 3556 894 3674 opidis
916 3557 951 3643 in
974 3553 1075 3642 terra
1096 3553 1313 3646 lanciciensi
1334 3558 1434 3666 sitis,
1465 3553 1621 3674 paribus
1634 3552 1783 3672 juribus
1807 3568 1845 3642 et
1864 3555 2013 3674 priuile-

384 3671 481 3793 gijs2
498 3671 756 3762 emunitatibus
766 3676 847 3774 (sic)
863 3688 900 3772 et
920 3673 1100 3793 granicijs
1116 3675 1340 3792 gratuletur,
1357 3690 1394 3764 et
1414 3676 1485 3764 sub
1507 3689 1636 3762 nostre
1652 3673 1910 3792 proteccicnis
1926 3703 2012 3792 pre-

383 3789 488 3910 sidijs
507 3791 731 3913 requiescat.
770 3791 936 3900 Harum,
957 3791 1091 3914 quibus
1111 3791 1274 3913 sigillum
1295 3809 1462 3882 nostrum
1484 3808 1543 3882 est
1563 3820 1783 3914 appensum,
1804 3793 2013 3880 testimcino

383 3905 584 4000 literarum.
645 3909 782 4000 Actum
802 3913 838 4000 in
863 3916 1078 4018 Clcnczim‘,
1109 3911 1201 4000 lenia
1223 3925 1330 4002 sexta
1352 3913 1388 4000 in
1408 3913 1535 4032 vigilia
1557 3913 1677 4000 sancti
1692 3909 1891 4026 Laurencij
1913 3936 2012 3996 mar-

382 4027 461 4116 tiris
510 4027 656 4130 loriosi,
676 4057 778 4118 anno
794 4029 932 4118 domini
952 4031 1147 4120 millesimo
1169 4029 1539 4150 quadringentesimo
1554 4027 1734 4116 vicesimo
1756 4026 1894 4144 quinto.
1917 4024 2017 4143 Pro-y

382 4055 551 4234 sentidus
585 4143 722 4232 ibidem
758 4147 988 4264 magnificis,
1030 4151 1218 4234 strennuis
1261 4161 1297 4234 et
1324 4145 1530 4234 nobilibus:
1588 4141 1750 4232 Cristino
1780 4141 1830 4228 de
1862 4147 2011 4232 Ostroto

381 4261 635 4356 maconiansi,
664 4259 851 4351 Michaele
872 4261 921 4351 de
944 4267 1084 4351 Czdom
1106 4261 1411 4366 sandomiriensi‚
1440 4259 1675 4369 castellanis3
1707 4257 1828 4347 Paulo
1855 4259 1905 4347 dc
1936 4267 2011 4349 Bo·

379 4383 618 4498 qumilouicze
631 4377 761 4498 judice
781 4381 1037 4470 cracouiensi.
1062 4378 1238 4468 iohanne
1265 4379 1316 4468 de
1341 4385 1585 4467 Brom'cclow
1601 4381 1813 4500 ¹capitaneo
1829 4377 2010 4468 lublinen·

380 4499 436 4602 si,
466 4563 571 4588 ....
594 4495 873 4588 czechouiensi.
903 4497 1138 4588 Domaratho
1159 4497 1209 4587 de
1226 4503 1414 4614 Kolrlaoy
1434 4497 1594 4620 Bytensi
1625 4497 1725 4611 (sic),
1754 4508 1790 4584 et
1819 4495 2013 4591 Stauislac

381 4613 556 4707 Gelithlro
581 4614 794 4731 Brlcstanai
812 4617 848 4730 l)
876 4616 1114 4708 castellanis·
1143 4633 1182 4706 et
1208 4619 1293 4738 alijs
1312 4617 1483 4740 pluribus
1501 4615 1577 4708 nde
1597 4614 1735 4738 dignis,
1755 4612 2009 4706 fidelibus-di·

480 4885 520 4970 (ο)
548 4884 666 4953 aare«
679 4885 745 4954 vnn
758 4886 900 4954 eurora
914 4883 1128 4974 nmmum,
1147 4883 1281 4971 ranan
1294 4883 1493 4953 osonum

496 5003 633 5058 commu.
1717 5009 1723 5021 ·
1803 4999 1839 5057 ὃς
