4878 5942
1006 791 1061 806 ·-
1110 747 1185 825 'stt
1242 789 1285 805 -·

1013 1049 1284 1174 ootrmvt.
1398 1045 1435 1062 ”

423 1253 745 1388 numme,
771 1307 925 1376 mo
949 1284 1099 1376 noso
1126 1289 1219 1374 me
1239 1287 1315 1375 ιι
1342 1286 1540 1374 mm
1563 1287 1880 1379 mursano

346 1489 653 1568 wmumrm
666 1449 951 1568 unumunurn
962 1491 1209 1576 ernostum
1223 1491 1377 1567 rreum
1390 1491 1505 1567 runnu
1520 1509 1578 1567 nn
1592 1491 1673 1568 nn
1686 1510 1815 1568 mn
1829 1493 1955 1574 tumr,
2038 1441 2052 1539 ἶ

754 1596 1022 1670 exuennuun
1045 1592 1275 1670 munna·
1289 1593 1489 1683 obmittunt
1502 1595 1550 1682 (¹).

282 1839 286 1846 -
410 1837 411 1842 κ
446 1786 488 1876 ln
510 1789 657 1877 nomine
676 1787 827 1893 domini,
847 1819 967 1876 umen.
1000 1785 1088 1901 Que
1109 1784 1157 1874 de
1178 1817 1279 1874 mera
1301 1785 1514 1874 liberalitate
1533 1788 1750 1906 principum,
1771 1787 1821 1874 ob
1847 1787 1957 1876 meri·

349 1921 386 1992 ta
405 1904 639 1994 subditorum
668 1937 715 1994 ao
735 1905 860 1995 fidetia
882 1907 1075 2027 obsequia,
1097 1907 1344 2009 conferuntur,
1367 1909 1512 1994 testium
1534 1905 1768 1995 amminiculo
1789 1919 1826 1994 et
1842 1919 1957 1996 testa·

347 2023 448 2112 tione
489 2025 675 2114 literarum
710 2040 960 2146 perenueutur
1010 2027 1092 2138 (sio)
1141 2024 1190 2112 ad
1226 2039 1444 2144 perpetuam
1487 2026 1704 2118 memoriam
1744 2025 1956 2113 iuturomrm.

347 2139 447 2230 Hine
467 2161 535 2244 est,
558 2143 660 2264 quod
680 2158 762 2233 nos
783 2144 1010 2250 Vladisiaus,
1032 2143 1091 2232 dei
1112 2145 1236 2265 gratia
1263 2143 1339 2231 dux
1367 2142 1613 2234 Lonoitiensis
1645 2159 1682 2232 et
1709 2141 1957 2232 Dubrinensis

348 2275 551 2370 terrarum,
578 2265 888 2382 recognoscimus
914 2265 1099 2352 universis
1124 2263 1360 2382 presentibus
1389 2280 1426 2351 et
1445 2264 1593 2370 futuris,
1621 2265 1848 2384 presentium
1867 2261 1959 2351 uoti·

348 2382 435 2469 tiam
465 2379 658 2470 habituris:
681 2383 795 2498 Quod
816 2381 1067 2471 consideratis
1095 2398 1131 2469 et
1150 2383 1327 2500 inspeetis
1359 2384 1498 2470 meritis
1518 2413 1565 2470 au
1593 2381 1765 2470 fidelibus
1786 2381 1979 2500 seruitijS,

349 2499 458 2588 nobis
479 2531 546 2618 per
565 2500 805 2588 Peozkonem
826 2517 1009 2588 sartorem
1031 2515 1196 2587 nostrum
1218 2498 1377 2588 fideliter
1399 2489 1526 2618 sepius
1548 2502 1737 2618 impensis,
1777 2517 1814 2590 et
1833 2499 1960 2590 adbuo

349 2620 386 2706 iu
406 2633 597 2735 posterum
618 2619 885 2738 impendendis
907 2634 945 2706 ut
965 2619 1073 2706 etiam
1093 2614 1222 2705 merite
1243 2620 1457 2705 meriturum
1477 2618 1729 2708 vicissitudine
1750 2649 1793 2706 so
1812 2617 1959 2738 gaude·

171 2739 174 2746 ’
228 2799 233 2809 ,
349 2749 414 2826 ant
434 2739 645 2856 repensarj',
676 2737 798 2826 eidem
819 2737 1009 2856 Peozbonj
1042 2735 1137 2824 duos
1158 2765 1312 2824 mansos
1338 2736 1478 2824 liberos
1498 2751 1585 2824 unte
1613 2738 1796 2825 ciuitatem
1823 2742 1959 2823 Lnnri

350 2862 497 2944 tiensem
517 2857 644 2963 sitlos,
664 2855 853 2964 dedimus,
874 2855 1103 2957 addidimus
1134 2855 1356 2944 donauimus
1377 2854 1446 2943 sibi
1467 2855 1619 2973 suisque
1639 2855 1739 2942 veris
1759 2853 1960 2944 heredibus

349 3005 398 3064 ao
417 2975 604 3095 legittimis
631 2975 919 3066 suoeessoribus
943 2976 1027 3093 jure
1047 2974 1290 3080 hereditario,
1323 2975 1438 3062 iibere
1464 2975 1610 3094 ubsque
1638 2975 1736 3060 omni
1764 2975 1961 3064 exactione
2071 3063 2073 3068 .

348 3110 388 3184 et
408 3095 601 3200 solutione,
624 3109 697 3182 tam
718 3095 886 3218 generali
907 3125 1017 3214 quem
1039 3123 1058 3181 s
1086 3095 1211 3202 emuli,
1233 3097 1268 3182 in
1291 3109 1506 3212 perpetuum
1527 3091 1731 3197 tenendum
1752 3091 1970 3197 habendos,

350 3229 463 3334 atque
483 3213 756 3333 possidendos,
782 3214 951 3302 videlieet
973 3124 1213 3318 vendendos,
1244 3211 1462 3311 donandos,
1483 3211 1563 3300 sive
1584 3211 1869 3301 commutandos
1889 3241 1961 3330 pro

351 3363 420 3420 sua
441 3363 669 3454 suorumque
698 3349 933 3452 posterorum
957 3331 1168 3421 omnimoda
1195 3332 1403 3451 voluntate,
1434 3361 1518 3418 oum
1540 3345 1669 3422 nostra
1689 3346 1811 3418 tamen
1833 3331 1961 3418 oomni·

350 3452 482 3542 venoia
522 3453 661 3570 pariter
700 3467 738 3539 et
776 3482 977 3542 consensu.
1038 3450 1096 3540 Ur
1128 3464 1251 3540 eutem
1286 3450 1358 3538 beo
1378 3449 1532 3540 donatio
1560 3449 1619 3538 de
1644 3465 1789 3538 maturo
1805 3446 1961 3541 oonsilio

351 3601 399 3659 ao
419 3571 634 3660 salubritate
655 3571 790 3676 habite,
817 3571 1102 3691 donationisque
1148 3571 1341 3660 rotestatio
1362 3599 1531 3688 presens,
1552 3569 1669 3656 robur
1688 3569 1856 3658 obtineat
1874 3597 1961 3686 per·

352 3707 462 3809 petue
482 3691 686 3796 valiturum,
707 3705 903 3810 presentes
923 3687 1003 3776 fieri
1024 3602 1281 3778 mundavimus
1303 3703 1339 3777 et
1359 3703 1490 3777 nostro
1510 3687 1634 3825 sigilio
1656 3688 1786 3806 mojori
1807 3687 1962 3778 robora·

352 3811 383 3897 ri
404 3812 687 3898 etoommuoiri.
720 3810 855 3898 Actum
877 3812 912 3898 in
933 3815 1121 3914 Mandu,
1149 3809 1382 3927 presentibus
1403 3807 1460 3896 bis
1481 3809 1646 3912 testibus,
1669 3806 1885 3896 Comitibus:
1906 3806 1962 3892 ia·

351 3927 437 4039 done
457 3929 630 4046 palatino,
650 3929 824 4018 dobanne
845 3929 1143 4032 suooemerario,
1165 3929 1358 4047 Stephano
1378 3925 1598 4031 vexillifero,
1620 3925 1868 4014 Sebamborio
1888 3923 1963 4012 Te,
2039 3977 2049 4031 1

353 4049 543 4151 monario,
576 4047 771 4136 Dominioo
799 4047 1004 4164 subjudice,
1040 4045 1179 4134 Mathia
1198 4048 1461 4165 'subpincerna
1476 4043 1796 4156 Lanoitiensibus,
1826 4057 1863 4130 et
1882 4040 1963 4132 aliis
2023 4036 2042 4131 i

356 4195 466 4287 qoam
489 4165 653 4282 pluribus
685 4168 839 4256 testibus
860 4167 935 4254 srde
956 4165 1091 4284 dignis.
1123 4166 1259 4252 Datum
1281 4195 1349 4284 per
1378 4193 1510 4252 manus
1532 4161 1682 4250 Androe
1713 4159 1872 4280 Nottarij
1895 4181 1962 4249 noss

352 4287 439 4391 stri,
471 4285 506 4372 iu
537 4282 609 4370 die·
628 4284 734 4372 beati
756 4284 959 4388 Valentini,
991 4311 1091 4372 anno
1122 4282 1259 4371 domini
1288 4282 1482 4370 millesimo
1513 4281 1782 4408 trecentesimo¹
1804 4279 1963 4402 quodra-

353 4405 501 4524 genium
531 4416 672 4494 msto..

422 4651 1357 4829 ,ttoretortunutantumornet
1381 4672 1442 4804 n
1458 4625 1632 4805 :truie
2064 4727 2069 4740 -
