4878 5942
1037 709 1312 789 -3ao-

360 913 561 1032 campestri
581 912 631 1001 de
659 939 682 999 a
734 912 765 998 's
785 910 1008 998 rusticorum
1038 907 1281 1027 depulsorum
1301 911 1337 996 in
1362 912 1592 1012 Szeuerslm,
1611 923 1647 995 et
1669 911 1750 997 eius
1771 915 1987 1018 occasione,-

359 1035 395 1121 in
416 1060 493 1151 qua
513 1045 552 1118 et
569 1033 606 1119 in
626 1032 688 1150 qui
717 1058 761 1116 us
782 1027 1012 1144 Dadzbogio
1033 1026 1207 1116 Welislai
1228 1027 1278 1114 de
1300 1032 1508 1129 Pertum'rm,
1529 1027 1669 1114 clerieo
1691 1025 1987 1120 Wladislauieu-

360 1152 414 1239 sis
435 1148 619 1253 diocesis,
651 1148 737 1234 dicti
765 1143 902 1232 domiui
932 1143 1077 1233 Nicolai
1098 1143 1344 1248 Weleweski,
1367 1144 1549 1232 Canonioi
1572 1143 1919 1253 Wladislaviensis‚
1951 1166 1989 1240 et

287 1331 292 1343 .
360 1266 501 1387 Egidic
530 1265 677 1354 Nicolai
706 1261 755 1350 da
779 1267 985 1376 Oputcvia‚
1005 1275 1255 1380 procuratore
1276 1261 1499 1380 Consistorij
1523 1260 1870 1368 Wladislavieusis,
1901 1265 1989 1356 dieti

361 1384 499 1474 domiui
512 1382 706 1486 stanislai,
727 1379 874 1500 plebani
895 1382 931 1468 in
944 1383 1121 1484 monem,
1131 1378 1451 1496 procuratoribus,
1466 1407 1514 1466 aa
1534 1379 1744 1466 nominibus
1764 1399 1988 1499 procurato-

361 1502 437 1610 riis,
452 1501 501 1590 de
522 1529 679 1620 quorum
700 1495 969 1586 sufficientibus
989 1495 1176 1584 mandatis
1190 1495 1385 1583 hincinde
1404 1497 1441 1584 in
1461 1498 1556 1584 actis
1576 1527 1777 1586 causarum
1800 1497 1988 1618 legittimis

362 1619 563 1710 constabat
582 1631 619 1706 et
639 1629 790 1704 constat
809 1614 1069 1720 documento,
1100 1615 1137 1702 io
1157 1613 1314 1702 termino
1334 1612 1384 1702 ad
1405 1612 1570 1736 dandum
1593 1631 1630 1703 et
1650 1615 1700 1702 ad
1721 1616 1987 1732 recipiendum,
2135 1631 2141 1640 ’

361 1735 518 1853 darique
537 1749 575 1824 et
593 1733 710 1850 recipi
730 1731 932 1822 videndum
953 1730 1113 1819 libellum
1134 1732 1216 1822 siue
1237 1733 1475 1820 summarium
1496 1734 1735 1852 peticionem,
1767 1763 1897 1825 coram
1918 1764 1988 1823 uo·

361 1853 419 1942 bis
446 1852 761 1978 comparentibus:
821 1848 920 1938 idem
951 1847 1201 1969 Dadzbogius
1229 1865 1457 1965 procurator
1484 1865 1521 1938 et
1549 1851 1697 1938 nomine
1724 1854 1989 1968 procuratorio
2085 1933 2091 1970 s

362 1969 451 2058 dicti
472 1970 611 2058 domiui
630 1966 778 2056 Nicolai
801 1967 981 2057 Canonici
1001 1965 1161 2054 libellum
1173 1969 1221 2054 in
1241 1968 1390 2084 scriptis
1409 1967 1540 2056 obtulit
1554 1967 1791 2075 iudicialiter,
1822 1985 1858 2059 et
1878 1971 1988 2060 reoli-
2080 2010 2086 2034 ι

362 2102 421 2175 ter
439 2085 637 2208 produxi13
667 2086 775 2174 cuius
794 2084 943 2202 quidem
963 2085 1072 2174 libelli
1094 2096 1203 2173 tenor
1223 2115 1266 2172 se
1319 2087 1391 2176 itur
1410 2085 1447 2172 iu
1468 2085 1540 2173 hee
1554 2087 1683 2174 verba:

465 2205 605 2294 Coram
624 2205 744 2309 vobis,
760 2201 970 2292 honorabili
985 2205 1068 2290 viro
1084 2201 1237 2292 domiuo
1297 2203 1420 2291 icolao
1438 2202 1633 2292 Cauouieo
1654 2219 1689 2293 et
1704 2202 1868 2293 Officiali
1882 2203 1988 2294 Wla-

363 2321 594 2428 dislavieusi,
624 2351 696 2410 nec
722 2349 798 2408 non
826 2320 963 2408 ludica
992 2321 1172 2434 deputato
1202 2317 1392 2409 ordinario
1420 2321 1502 2422 loci,
1535 2337 1760 2437 procurator
1780 2337 1818 2412 et
1838 2325 1990 2414 nominc

364 2439 626 2557 procuratorio
665 2435 895 2526 honorabilis
922 2437 991 2526 uiri
1020 2435 1159 2523 domiui
1179 2434 1326 2524 Nicolai
1358 2435 1603 2547 Weleweski,
1627 2438 1808 2526 Canonici
1829 2442 1991 2558 preben-

364 2557 442 2646 dati
461 2557 622 2646 ecolesie
641 2551 976 2657 wladislaviensis,
1007 2567 1138 2640 contra
1159 2567 1196 2642 et
1214 2553 1402 2642 aduersus
1423 2551 1625 2641 discretum
1652 2557 1770 2646 virum
1801 2555 1991 2646 domiuum

365 2673 605 2778 Stauislaum,
625 2687 812 2762 rectorem
829 2669 1075 2788 parrochialis
1095 2670 1258 2758 ecclesie
1278 2671 1316 2757 in
1339 2674 1516 2778 clocam,
1536 2685 1574 2758 et
1594 2686 1725 2759 contra
1747 2686 1784 2759 et
1804 2673 1992 2765 adversus

365 2792 567 2918 quamlibet
593 2817 795 2910 personam
822 2817 893 2906 pro
923 2817 970 2876 eo
991 2802 1026 2876 et
1048 2791 1130 2876 eius
1150 2789 1298 2876 nomine
1318 2787 1356 2875 iu
1378 2787 1505 2878 vestro
1520 2787 1664 2906 judicio
1685 2788 1863 2909 legittime
1884 2792 1994 2881 inter·
2077 2885 2082 2906 ¹

365 2911 592 3016 uenientem,
623 2908 713 2997 dicit
733 2922 769 2996 et
793 2909 971 3024 proponit
988 2909 1149 2994 maxima
1169 2934 1254 2994 cum
1270 2907 1450 3027 querela:
1482 2905 1584 3026 quod
1605 2907 1691 2993 lieet
1711 2907 1805 2995 villa
1825 2907 1887 2996 vul
1917 2911 1993 2998 ari·
2078 2953 2088 2992 t

365 3041 425 3118 ter
441 3041 654 3148 nuncupata
675 3057 743 3114 seu
765 3025 883 3112 eciam
899 3026 1086 3142 appellata
1106 3027 1335 3129 Saeuersleo,
1355 3025 1391 3112 in
1414 3024 1598 3114 territorio
1620 3024 1860 3141 Cuyavieusi‚
1930 3028 1993 3113 la·

252 3160 263 3175 '
365 3143 603 3234 dislavieusis
624 3144 800 3248 diocesis,
821 3142 977 3250 situata,
1008 3173 1127 3263 peaes
1149 3149 1368 3256 Popouteze
1391 3159 1433 3232 et
1458 3149 1688 3230 Se'rosazewo
1709 3159 1816 3262 parte
1837 3173 1885 3230 ex
1906 3173 1992 3252 una,

366 3291 415 3350 ex
443 3263 515 3349 alia
542 3291 635 3352 vero
660 3291 779 3466 penes
812 3263 1012 3348 wedowo
1044 3277 1081 3350 et
1105 3265 1353 3362 Suauttm'let,
1384 3274 1422 3346 et
1451 3288 1536 3348 eum
1566 3261 1738 3350 omuibus
1769 3261 1878 3349 dictis
1898 3261 1994 3349 villis

367 3379 499 3468 luisset
525 3394 640 3468 otest

367 3512 454 3586 runt
472 3512 510 3586 et
527 3527 636 3595 nune,
648 3513 734 3585 sunt
753 3487 1876 3620 quatuorruaosi-seulouei„uclgaritersunoupati38raebe,
1897 3525 1995 3614 quos

367 3613 589 3702 lrmetbcues
609 3645 680 3733 pro
701 3645 744 3703 se
763 3611 923 3702 arabant
942 3629 981 3724 et
1000 3613 1128 3702 colere
1149 3629 1447 3721 consueverant3
1477 3613 1527 3712 de
1548 3614 1682 3733 quibus
1703 3629 1865 3732 quatuor
1890 3645 1996 3702 mau-

368 3731 423 3820 sis
450 3729 595 3819 decima
625 3730 864 3850 manipularis
895 3743 931 3816 et
954 3733 1187 3848 ¹campestris
1219 3730 1414 3848 cuiuslibet
1445 3733 1554 3847 grani
1584 3731 1633 3819 de
1662 3731 1771 3820 dietis
1788 3761 1823 3818 e
1860 3732 1906 3819 ‘is
1926 3761 1996 3820 seu

368 3849 526 3954 mansis,
554 3877 628 3968 per
646 3849 881 3938 Kmetboues
901 3847 1036 3936 ibidem
1057 3849 1175 3954 uultis,
1196 3847 1247 3952 ad
1267 3849 1476 3937 ecclesiam.
1490 3843 1754 3939 Cathedralem
1790 3761 1996 3934 obbrute-

369 3967 536 4054 uieusem
558 3981 596 4052 et
614 3963 664 4053 ad
687 3969 767 4055 eius
787 3965 1010 4054 (turonicos¹
1024 3997 1092 4053 seu
1113 3967 1232 4062 eciam
1290 3963 1538 4054 rebendarios
1566 3967 1776 4080 pertinebat
1795 3980 1833 4052 et
1847 3978 1996 4081 specta·

369 4081 446 4190 bat,
466 4081 655 4198 pertinere
674 4100 711 4170 et
729 4097 906 4199 spectare
935 4082 1132 4170 videbatur
1150 4080 1243 4194 auX.
1261 3995 1351 4168 bix
1371 4080 1496 4168 XXX.
1516 4081 1597 4168 XL.
1616 4081 1661 4168 L.
1691 4082 1819 4188 annis,
1840 4084 1933 4170 eitra
1959 4097 1998 4170 et
2079 4127 2086 4156 ι

369 4199 467 4286 ultra
487 4198 594 4285 cuius
615 4199 651 4282 iu
673 4199 899 4284 contrarium
921 4199 1099 4284 memoria
1119 4197 1307 4284 homiuum
1327 4227 1403 4284 aon
1423 4199 1565 4304 emolit,
1586 4199 1798 4316 dictamque
1812 4198 1996 4288 decimum

371 4314 803 4404 eteroolimeutadictus
823 4314 995 4400 domiuus
1012 4313 1246 4402 Weleweski
1267 4329 1305 4402 et
1324 4314 1621 4432 predecessores
1648 4317 1704 4404 sui
1732 4317 1782 4402 ab
1802 4319 1910 4406 annis
1931 4347 2007 4410 su-

372 4433 591 4562 prascriptis
612 4431 839 4534 babuerunt,
870 4429 1129 4564 possederunt·
1152 4460 1185 4516 -a
1204 4425 1317 4528 ¹tauto
1339 4446 1507 4550 tempore
1528 4449 1566 4521 et
1585 4464 1654 4550 per
1674 4449 1814 4522 tautum
1836 4448 1996 4556 tempus,

472 4648 515 4730 (²)
547 4646 663 4716 Clrceeu
676 4655 707 4713 et
723 4645 905 4714 &coeam
920 4645 1007 4746 villae
1020 4645 1153 4731 regionis
1167 4617 1551 4735 KomaliensisrPopowibe
1561 4648 1681 4734 losada),
1693 4650 1823 4734 regionis
1838 4651 1996 4718 brzestem

674 3381 826 3468 imitata:
857 3379 893 3464 in
915 3379 1128 3467 dictavero
1149 3377 1357 3466 hereditate
1388 3408 1457 3466 seu
1478 3379 1564 3473 villa
1585 3384 1802 3466 Szewersleo
1824 3375 1882 3490 (⁹)
1913 3379 1994 3467 lue·
2108 3453 2113 3473 .
2205 3441 2213 3461 .·

372 4731 430 4808 sis;
452 4731 617 4804 Kmleouo,
634 4733 765 4818 regionis
778 4731 997 4804 Kowaliensu,
1020 4752 1125 4796 omues
1140 4751 1212 4797 vcro
1227 4731 1414 4816 Cujuviensis
1436 4733 1592 4808 territorii;
1617 4731 1777 4798 Siauierele
1790 4742 1822 4800 et
1838 4731 1999 4817 Swicmilei
2123 4784 2127 4790 .
2265 4730 2269 4742 '

373 4813 495 4886 ibidem.
631 4891 636 4898 ,
