4926 5940
1049 830 1093 843 -
1148 761 1231 864 :roi
1279 830 1323 843 -

372 983 586 1099 Nobilibus,
613 991 846 1112 Terrigenis
884 1006 921 1079 et
949 989 1143 1110 quibusvis
1173 989 1301 1112 Regni
1336 991 1454 1080 nostri
1489 988 1712 1080 officialibus
1751 1005 1791 1078 et
1818 994 1995 1103 subditis,

309 1195 312 1204 ,
371 1111 544 1200 fidelibus
564 1109 709 1199 dilectis
729 1110 884 1215 nostris,
905 1107 1021 1198 firmis
1042 1109 1178 1196 damus
1197 1108 1260 1197 Re
1289 1109 1409 1198 alibus
1429 1111 1467 1196 in
1486 1107 1689 1216 mandatis,
1711 1125 1896 1230 quatenus
1918 1143 2001 1232 pre-

266 1323 270 1340 ,
373 1232 487 1328 lotam
507 1228 722 1316 Ecclesiam
744 1219 1114 1333 wladislaviensem,
1135 1229 1253 1344 ipsius
1309 1227 1470 1318 rasulam
1501 1242 1539 1316 et
1559 1223 1755 1318 ministros
1773 1231 1876 1318 circa
1895 1232 2001 1336 dura,
2057 1339 2061 1344 .

372 1349 585 1467 privilegia,
616 1346 941 1450 consuetudines,
973 1345 1245 1452 lmmunitates,
1276 1347 1467 1434 libertates
1496 1362 1533 1434 et
1553 1347 1726 1466 gracias,
1759 1347 1894 1466 quibus
1923 1346 2000 1436 Ec·

374 1467 490 1552 alesia
514 1465 752 1552 Gneznensis
773 1465 883 1554 utitur
904 1463 954 1551 ab
975 1465 1148 1584 antiquo,
1180 1464 1439 1557 inviolabiliter
1459 1477 1497 1552 et
1516 1463 1620 1554 illese
1636 1463 1820 1554 debeatis
1846 1497 2000 1556 conser-
2168 1463 2175 1473 ’
2229 1559 2234 1567 ,

375 1614 468 1671 vare
498 1585 690 1702 perpetuis
712 1584 944 1699 temporibus
974 1599 1012 1670 et
1039 1585 1236 1674 inewum.
1287 1581 1454 1687 Harum,
1486 1583 1621 1701 quibus
1643 1583 1804 1703 sigillum
1826 1587 2002 1674 maiesta-

375 1703 421 1789 tis
441 1716 569 1790 nostre
590 1731 797 1818 appensum
820 1717 897 1804 est,
919 1701 1132 1790 testimonio
1154 1701 1353 1788 literarum.
1395 1701 1530 1808 Actum
1552 1707 1740 1804 decemb,
1762 1704 1853 1789 leria
1876 1704 2001 1821 quinta
2125 1736 2128 1748 ·

230 1895 231 1898 κ
372 1834 462 1936 post
480 1821 614 1907 festum
637 1819 768 1906 Sancti
788 1819 891 1907 Petri
911 1819 960 1906 ad
982 1819 1150 1926 vincula,
1178 1849 1279 1906 auno
1300 1819 1439 1908 domini
1461 1819 1653 1907 millesimo
1674 1820 2002 1938 quadringentesi-

373 1967 435 2023 mo
457 1937 604 2024 decimo
632 1953 787 2042 octavo,
818 1938 1057 2055 presentibus
1087 1937 1326 2028 Reverendis
1357 1939 1391 2023 in
1422 1936 1571 2026 Christo
1603 1939 1789 2056 patribus,
1821 1939 1999 2026 dominis:

373 2052 534 2141 Nicolao
556 2053 698 2142 Sancte
720 2054 1151 2152 GnezoensisEcclesie
1172 2055 1461 2175 archiepiscopo
1478 2069 1516 2140 et
1532 2052 1707 2158 Primate,
1727 2057 1885 2144 Albertc
1907 2057 2001 2145 Cra-

203 2185 207 2193 '
374 2171 600 2277 corsiensis,
630 2173 786 2276 Andrea
808 2173 1101 2279 Pnznaniensis,
1133 2189 1171 2262 et
1190 2163 1339 2262 lacobo
1368 2174 1586 2271 Plocensis,
1618 2171 1878 2262 Ecclesiarum
1909 2172 2000 2291 Epi·
2067 2273 2070 2286 .

374 2291 523 2408 scopis3
544 2288 761 2410 Magnilicis
782 2306 819 2376 et
840 2287 1054 2379 Nobilibus:
1076 2293 1238 2379 Cristino
1260 2291 1308 2378 de
1332 2299 1481 2378 ostrow
1503 2291 1737 2394 Castellano,
1758 2292 1933 2389 lobanoe
1954 2291 2003 2378 dc

375 2415 558 2494 Tbcrnow
590 2411 781 2512 Palatino,
815 2409 1152 2516 Craeoviensibus3
1194 2407 1354 2496 Nicolao
1384 2409 1433 2494 de
1460 2413 1657 2497 Ma'obclow
1693 2409 2001 2514 Sandomirieusi,

373 2525 409 2612 N
414 2525 538 2614 icolao
559 2525 607 2614 de
632 2531 821 2640 Opporoto
844 2523 1098 2630 Lanciciensi,
1120 2541 1158 2612 et
1177 2525 1327 2612 Jacobo
1343 2525 1392 2612 de
1407 2531 1671 2640 Konn‘eczpotic
1685 2525 1903 2630 Siradiensi,
1923 2525 2002 2613 Pa-

336 2649 342 2660 '
374 2645 516 2748 latinis;
548 2645 747 2764 multisque
768 2643 827 2730 ali'
871 2643 946 2731 lide
967 2643 1103 2764 dignis
1125 2642 1297 2732 fidelibus
1319 2642 1474 2730 dilectis
1516 2643 1654 2729 Datum
1675 2673 1744 2760 per
1764 2673 1898 2730 manus
1919 2675 2001 2760 pre·

374 2760 460 2849 dicti
481 2763 621 2856 domini
641 2762 783 2850 Alberti
805 2675 987 2880 lilpisenpi
1019 2762 1306 2868 Cracoviensis,
1335 2761 1464 2878 Regni
1494 2759 1655 2848 Polonie
1687 2759 1931 2865 Cancellari‘,
1963 2777 2002 2848 et

374 2878 611 2968 Venerabilis
631 2879 815 2969 lobannis
832 2881 977 2968 [lecani
1005 2881 1291 2984 Cracovi'cnsis,
1324 2880 1490 2968 eiusdem
1520 2877 1649 2997 Regni
1676 2877 2001 2997 Vicecaucelarij,

373 2999 520 3085 sincere
540 2999 650 3086 nobis
671 2998 903 3087 dilectorum.

473 3234 536 3322 Ad
557 3236 781 3347 relacionem
803 3235 1028 3325 venerabilis
1048 3235 1205 3357 Sbignei
1227 3235 1275 3325 de
1291 3233 1555 3342 Olescbnioza,
1572 3225 1773 3324 Scolastici
1789 3178 1998 3323 'Sandumi-

375 3354 520 3460 rieusis,
541 3353 638 3440 Aule
659 3353 786 3474 Regie
808 3355 1091 3473 prothonotarii.

834 3780 837 3789 .
931 3815 936 3820 ¹
1041 3677 1319 3796 cucullus.
1421 3801 1424 3808 .

474 3907 545 3992 lm
560 3905 703 3994 vitto
723 3868 952 4019 Gcotcc,
965 3927 1135 4025 nmmo
1159 3905 1314 3994 142⁰
1331 3907 1425 3994 dtc
1442 3905 1474 3991 τ
1492 3908 1692 3994 menois
1708 3907 1890 3992 dumet.

545 4105 673 4183 unte·
684 4107 766 4183 tutor
779 4111 874 4226 muas
887 4112 1113 4198 Moeteana
1127 4113 1161 4182 ct
1176 4111 1347 4178 Paeanem
1360 4109 1527 4182 mmtttutl
1542 4107 1757 4200 annnorum
1771 4109 1821 4194 (¹).

472 4293 556 4385 Nos
576 4295 753 4386 Andreas
773 4297 822 4387 de
841 4304 1064 4386 Ludtrnncz
1082 4295 1229 4404 ludex,
1250 4327 1322 4386 nec
1341 4326 1418 4386 non
1434 4297 1614 4403 Andreas
1629 4296 1678 4386 de
1694 4303 1884 4413 Brzeszyc
1904 4299 1993 4387 sub·

367 4415 485 4535 judex
505 4415 624 4504 Terre
638 4415 814 4552 .Cuijavic
834 4416 1055 4536 generales,
1087 4416 1119 4503 si
1151 4413 1345 4504 nifioamus
1366 4418 1605 4620 greseutibus
1625 4429 1665 4503 et
1684 4416 1835 4519 luturis,
1855 4412 1993 4622 gilbus
2152 4445 2156 4454 ·
2283 4406 2286 4414 ¹

374 4534 525 4652 expedit
543 4537 745 4625 universus:
766 4533 959 4650 quomodo
980 4533 1112 4655 Magu'
1128 4535 1176 4624 rci
1196 4564 1244 4624 ac
1262 4531 1367 4624 Nobi
1380 4565 1422 4624 es
1440 4536 1522 4642 ¹uiri,
1543 4533 1683 4624 domini
1704 4533 1842 4672 l'etrus
1894 4534 1996 4624 obal·

470 4815 511 4903 (Ι)
537 4817 583 4885 Ex
596 4819 756 4908 archetypo
781 4819 1012 4886 membranaceo
1036 4819 1175 4887 tabularii
1198 4818 1319 4907 capituli
1346 4817 1614 4886 Wladislauionsis.
1657 4817 1795 4887 Duorum
1821 4817 2001 4908 sigillorum·

373 4901 569 4988 obnuptomm
584 4911 748 4992 supersunt
760 4904 909 4971 ueniouc
922 4911 1133 4993 pergamenae.
1843 4961 1853 4972 ‚
