4966 5930
1137 754 1287 827 ..vn
1342 793 1387 806 ..

443 959 479 1048 Ε
506 957 646 1078 iscupis
666 972 731 1045 aut
749 957 832 1044 aliis
858 953 1115 1042 Ecclesiarum
1141 953 1295 1071 prelatis
1313 950 1366 1038 ad
1385 949 1683 1040 cummunionem
1703 947 1878 1038 dominici
1899 953 2074 1070 carparis

445 991 696 1165 admittantur.
747 1073 825 1187 Qui
845 1101 942 1159 veru.
959 1069 1147 1158 obstinata
1166 1083 1301 1176 mente,
1327 1067 1422 1156 dum
1435 1067 1612 1172 vixerint·
1628 1067 1946 1156 satisfaceremus
1967 1097 2074 1156 crua-

444 1194 584 1298 verint‚
612 1191 736 1278 nullus
756 1190 922 1302 clericus
948 1189 1132 1276 secularis
1158 1187 1219 1277 vel
1245 1186 1451 1306 regularis,
1480 1185 1670 1303 sepulture
1695 1185 1862 1301 ipsorum
1877 1185 2075 1274 interesse

444 1318 646 1429 presumat
692 1306 930 1412 Adicientes,
960 1317 1001 1390 ut
1020 1305 1179 1422 singulis
1199 1305 1307 1392 annis
1327 1305 1363 1390 in
1384 1301 1532 1419 synode
1553 1301 1619 1405 illi,
1647 1303 1709 1418 qui
1729 1300 1892 1390 clericus
1911 1304 2075 1422 eapiupts

443 1427 664 1530 verberant,
689 1423 751 1510 vel
772 1421 964 1526 occidunt,
990 1433 1056 1510 aut
1074 1422 1168 1508 alias
1188 1421 1224 1508 in
1244 1423 1352 1537 ipsus
1372 1449 1504 1507 manus
1524 1419 1675 1506 iniciunt
1693 1419 1894 1508 violentas:¹
1919 1448 2074 1508 excam-

445 1542 618 1630 municati
648 1539 933 1645 denunciantur3
969 1551 1007 1624 et
1035 1537 1248 1626 nominatim
1276 1538 1344 1644 illi,
1380 1534 1429 1623 de
1461 1536 1596 1654 quibus
1632 1537 1844 1626 eonstiterit·
1866 1537 2073 1644 manileste.

311 1727 315 1736 .
445 1659 673 1777 Quicunque
700 1686 794 1748 veru
821 1685 1023 1774 personam
1053 1653 1348 1742 ecclesiasticam
1379 1653 1581 1742 enormiter
1608 1653 1805 1746 wlnavarit
1819 1652 1932 1765 laic),
1967 1654 2074 1744 muti·

443 1777 597 1882 laverit,
638 1774 699 1862 vel
729 1774 932 1876 occiderit,
964 1787 1036 1858 aut
1069 1771 1336 1888 captivaverit:
1377 1771 1526 1859 nonnisi
1559 1769 1796 1888 persedem¹
1825 1770 2077 1888 apostolicam

444 1892 683 1994 absolvatur,
714 1903 752 1978 et
779 1892 864 2009 ipso
893 1888 1056 1976 saetosi
1087 1887 1176 2006 quid
1206 1888 1357 1976 tenebat
1384 1887 1434 1974 ab
1454 1887 1633 1992 eeclesia,
1664 1885 1751 1974 illud
1781 1887 1936 2004 perdat,
1972 1903 2010 1978 et
2025 1889 2076 1978 ,in

444 2011 634 2097 utilitatem
663 2005 838 2096 Ecclesie
868 2013 1122 2094 convertatur.
1173 2005 1413 2108 Adicientes,
1449 2004 1552 2122 quad
1587 2003 1703 2092 inilla
1725 2003 1900 2120 dyocesi,
1934 2006 2076 2125 inqua

444 2126 606 2244 aliquem
636 2124 867 2216 Cananicum
897 2120 1109 2210 Catedralis
1139 2123 1318 2230 ecclesie,
1347 2120 1406 2216 vel
1425 2122 1471 2208 :in
1491 2120 1671 2241 dignitate
1697 2121 1966 2212 ecclesiastica.
1981 2150 2073 2212 uun·

446 2243 612 2331 stitutum
640 2243 727 2360 capi
753 2241 965 2374 contigerit,
991 2239 1052 2326 vel
1072 2254 1221 2356 captum
1243 2239 1416 2328 detineri:
1444 2238 1640 2356 usquead
1667 2240 1930 2330 liberacionem
1956 2241 2076 2358 ipsius

442 2374 483 2447 et
501 2359 772 2449 exhibicionem
793 2356 1211 2462 dchvtcsatislaetienis',
1233 2369 1405 2459 cessetur
1423 2356 1652 2474 generaliter
1671 2387 1695 2444 a
1716 2355 1872 2446 divinis:
1900 2357 2076 2458 Similiter

445 2490 483 2564 et
509 2477 571 2562 illa
597 2475 816 2592 parrochia,
844 2475 880 2560 in
902 2503 1060 2593 quares
1080 2473 1204 2562 clerici
1225 2474 1407 2560 violenter
1426 2473 1574 2560 ablatas
1595 2475 1680 2592 capi
1701 2475 1761 2563 vel
1781 2473 1938 2562 detineri
1959 2476 2076 2564 conus

427 2657 439 2664 -
475 2594 555 2700 erit,
576 2596 696 2710 usque
717 2591 767 2678 ad
783 2591 1059 2679 restitucionem
1080 2591 1425 2680 et'satisladtiduem
1438 2589 1550 2678 cundi
1596 2597 1679 2697 am,
1700 2590 1875 2680 a'divinis
1891 2607 2071 2684 cessetur.

444 2621 582 2800 durum
610 2711 647 2796 iu
676 2707 836 2824 Synudc
865 2707 1057 2796 celebrata
1086 2708 1137 2794 in¹
1153 2714 1320 2796 Danccu
1348 2706 1470 2795 XVll
1501 2619 1698 2796 Kalendas
1727 2707 1972 2812 Novembris,
2000 2709 2073 2798 sub

444 2836 545 2954 anno
564 2825 705 2914 damini
723 2824 782 2912 tr
796 2823 888 2913 -CC⁰
904 2815 1149 2944 ‘sexagesino
1163 2823 1259 2956 .Vll⁰
1276 2823 1347 2937 (Ἧι
1435 2866 1439 2872 ·

546 3006 587 3155 (p
614 2985 764 3072 uuum.
785 3004 1037 3074 consciarum
1051 3005 1152 3071 nuces
1167 3005 1312 3104 normae
1328 3007 1408 3078 anm
1424 3005 1702 3104 reaccensum
1717 3007 1857 3074 uiuum
1878 2979 2073 3093 (runem
2112 3035 2115 3042 ,

445 3113 471 3157 a.
485 3088 529 3172 a).
587 3109 642 3154 anc
655 3089 786 3155 tabulam
801 3089 879 3175 typis
893 3089 990 3154 deseri
1011 3089 1051 3154 rit
1062 3088 1290 3172 Danralencms,
1303 3091 1356 3156 sad
1371 3090 1446 3156 falso
1460 3098 1492 3156 ct
1503 3091 1604 3157 minus
1618 3091 1879 3159 nemausiensi
1891 3092 1988 3178 prima
2002 3111 2074 3178 pars

444 3174 660 3252 mammeae
673 3180 745 3240 sunt
759 3193 847 3239 voces
860 3173 894 3238 in
907 3109 1048 3238 Darrdmn
1073 3175 1171 3238 annua
1185 3195 1255 3240 vero
1270 3175 1424 3262 appositus
1437 3181 1484 3242 est
1494 3174 1591 3272 ,lm
1612 3175 1738 3244 fortasse
1750 3175 1819 3244 ideo
1833 3175 1914 3264 quod
1929 3195 2075 3274 nummus

428 3257 518 3334 ,vt1.‚
533 3255 652 3345 chartae
666 3276 867 3342 pergamenae
881 3264 1039 3322 curvatura
1053 3263 1150 3322 tectus
1165 3279 1226 3322 non
1236 3265 1357 3354 poterat
1371 3259 1512 3344 conspici.
1532 3259 1598 3328 Non
1613 3259 1711 3326 solum
1721 3259 1883 3346 capturum
1895 3259 2073 3345 Curavrcuea

445 3339 576 3426 diploma
596 3340 654 3406 hoc
674 3341 786 3424 tangit,
808 3339 861 3405 sad
880 3359 974 3426 quum
996 3339 1194 3407 intabulario
1216 3343 1349 3427 ejusdem
1372 3343 1565 3442 archetypum
1587 3343 1769 3430 inveniatur,
1789 3349 2074 3430 nequamneuam

444 3425 522 3510 typis
535 3421 646 3494 dromi
658 3423 698 3492 ait
711 3423 901 3511 exscripvrm,
916 3423 986 3492 idea
999 3423 1047 3492 lric
1061 3424 1134 3492 illud
1147 3425 1283 3494 inserere
1297 3447 1360 3493 nan
1373 3426 1582 3494 dubitavimus.
1681 3486 1684 3492 .

1141 3705 1143 3710 ’
1195 3711 1331 3828 xutt.

1085 3915 1250 3999 circa
1275 3911 1436 4001 1262.
1526 3891 1529 3898 ’

492 4035 857 4164 swanmpereus
878 4077 948 4150 ltux
969 4075 1185 4172 temerariae,
1206 4081 1362 4172 premittit
1382 4079 1542 4156 varium
1556 4077 1809 4158 mauruntum
1824 4079 1973 4177 epirum
1987 4101 2022 4158 rc
2044 4129 2048 4138 .
2073 4081 2076 4088 ⁴

455 4271 458 4278 ,
492 4172 638 4316 tactum
650 4177 755 4250 tarrae
776 4193 857 4249 nune
878 4195 898 4250 a
919 4179 1015 4252 aava
1037 4183 1490 4370 llloffiffifflxlll’
1512 4181 1643 4257 rimulae
1656 4183 1774 4314 ¹eatan
1796 4199 1873 4312 rure
1894 4183 2023 4260 tittantr
2071 4275 2074 4282 ⁴

429 4529 433 4538 .
490 4453 653 4550 «1282.
702 4448 901 4548 Uniuersis
931 4468 1128 4569 presentes
1158 4454 1298 4543 litteras
1328 4456 1570 4572 inspecturis,
1598 4455 1694 4544 Phili
1722 4487 1793 4575 pus
1822 4431 2073 4547 miseracione

442 4561 568 4654 diuina
594 4567 781 4672 -srrmanus
816 4570 1039 4687 episcopus,
1074 4571 1285 4688 apostolice
1312 4571 1415 4667 sedis
1444 4575 1612 4694 legatus,
1647 4489 1877 4674 salutemiu
1907 4571 2070 4674 domino.

545 4763 582 4849 (¹)
611 4765 658 4831 Ex
680 4765 840 4853 archetypo
861 4767 1092 4835 membranaceo
1113 4769 1253 4836 tabularii
1274 4771 1393 4858 capituli
1414 4771 1665 4839 Vladislaviensis.
1702 4772 1797 4860 Sigilli
1819 4773 1938 4868 abrupti
1955 4780 2070 4840 tanturn

442 4847 570 4916 taeniola
592 4869 790 4936 pergamena,
813 4872 873 4939 qua
895 4873 1062 4939 appeusum
1084 4861 1162 4930 arat,
1184 4864 1328 4941 superest
