<?xml version="1.0" encoding="UTF-8"?>
<!DOCTYPE html PUBLIC "-//W3C//DTD XHTML 1.0 Transitional//EN"
    "http://www.w3.org/TR/xhtml1/DTD/xhtml1-transitional.dtd">
<html xmlns="http://www.w3.org/1999/xhtml" xml:lang="en" lang="en">
 <head>
  <title>
</title>
<meta http-equiv="Content-Type" content="text/html;charset=utf-8" />
  <meta name='ocr-system' content='tesseract 3.04.00' />
  <meta name='ocr-capabilities' content='ocr_page ocr_carea ocr_par ocr_line ocrx_word'/>
</head>
<body>
  <div class='ocr_page' id='page_1' title='image "./codexdiplomatic01bartgoog_0479.png"; bbox 0 0 4922 5936; ppageno 0'>
   <div class='ocr_carea' id='block_1_1' title="bbox 1088 727 1360 804">
    <p class='ocr_par' dir='ltr' id='par_1_1' title="bbox 1088 727 1360 804">
     <span class='ocr_line' id='line_1_1' title="bbox 1088 727 1360 804; baseline 0 -20"><span class='ocrx_word' id='word_1_1' title='bbox 1088 727 1360 804; x_wconf 72' lang='lat'><strong>,433-</strong></span> 
     </span>
    </p>
   </div>
   <div class='ocr_carea' id='block_1_2' title="bbox 297 926 2134 3636">
    <p class='ocr_par' dir='ltr' id='par_1_2' title="bbox 297 926 2134 3636">
     <span class='ocr_line' id='line_1_2' title="bbox 369 926 2134 1048; baseline 0.001 -30"><span class='ocrx_word' id='word_1_2' title='bbox 369 941 374 949; x_wconf 85' lang='grc'><em>“</em></span> <span class='ocrx_word' id='word_1_3' title='bbox 409 928 654 1046; x_wconf 80' lang='lat' dir='ltr'><strong>processibus</strong></span> <span class='ocrx_word' id='word_1_4' title='bbox 681 927 996 1018; x_wconf 74' lang='lat' dir='ltr'><strong>executorialdaus</strong></span> <span class='ocrx_word' id='word_1_5' title='bbox 1024 931 1143 1018; x_wconf 90' lang='lat' dir='ltr'><strong>nostri</strong></span> <span class='ocrx_word' id='word_1_6' title='bbox 1178 926 1327 1046; x_wconf 79' lang='lat' dir='ltr'><strong>college</strong></span> <span class='ocrx_word' id='word_1_7' title='bbox 1359 942 1557 1016; x_wconf 89' lang='lat' dir='ltr'><strong>contentas</strong></span> <span class='ocrx_word' id='word_1_8' title='bbox 1590 927 1820 1019; x_wconf 87' lang='lat' dir='ltr'><strong>declaratum</strong></span> <span class='ocrx_word' id='word_1_9' title='bbox 1842 931 2035 1048; x_wconf 86' lang='lat' dir='ltr'><strong>incidisse</strong></span> <span class='ocrx_word' id='word_1_10' title='bbox 2126 942 2134 957; x_wconf 92' lang='grc'><strong>’</strong></span> 
     </span>
     <span class='ocr_line' id='line_1_3' title="bbox 409 1045 2034 1165; baseline 0.001 -29"><span class='ocrx_word' id='word_1_11' title='bbox 409 1049 598 1151; x_wconf 84' lang='lat' dir='ltr'><strong>intimatis,</strong></span> <span class='ocrx_word' id='word_1_12' title='bbox 628 1047 837 1148; x_wconf 89' lang='lat' dir='ltr'><strong>insinuetis,</strong></span> <span class='ocrx_word' id='word_1_13' title='bbox 869 1046 1072 1136; x_wconf 83' lang='lat' dir='ltr'><strong>notificetis·</strong></span> <span class='ocrx_word' id='word_1_14' title='bbox 1092 1059 1130 1134; x_wconf 91' lang='lat' dir='ltr'><strong>et</strong></span> <span class='ocrx_word' id='word_1_15' title='bbox 1150 1045 1426 1151; x_wconf 86' lang='lat' dir='ltr'><strong>denunccietis,</strong></span> <span class='ocrx_word' id='word_1_16' title='bbox 1458 1047 1564 1138; x_wconf 88' lang='lat' dir='ltr'><strong>etad</strong></span> <span class='ocrx_word' id='word_1_17' title='bbox 1586 1047 1758 1136; x_wconf 75' lang='lat' dir='ltr'><strong>noticiam</strong></span> <span class='ocrx_word' id='word_1_18' title='bbox 1780 1051 1946 1165; x_wconf 89' lang='lat' dir='ltr'><strong>ipsorum</strong></span> <span class='ocrx_word' id='word_1_19' title='bbox 1968 1050 2034 1138; x_wconf 91' lang='lat' dir='ltr'><strong>de-</strong></span> 
     </span>
     <span class='ocr_line' id='line_1_4' title="bbox 410 1147 2037 1274; baseline 0.001 -22"><span class='ocrx_word' id='word_1_20' title='bbox 410 1166 558 1254; x_wconf 88' lang='lat' dir='ltr'><strong>ducatis</strong></span> <span class='ocrx_word' id='word_1_21' title='bbox 584 1179 622 1254; x_wconf 89' lang='lat' dir='ltr'><strong>et</strong></span> <span class='ocrx_word' id='word_1_22' title='bbox 650 1164 787 1252; x_wconf 89' lang='lat' dir='ltr'><strong>deduci</strong></span> <span class='ocrx_word' id='word_1_23' title='bbox 813 1166 980 1268; x_wconf 83' lang='lat' dir='ltr'><strong>faciatis,</strong></span> <span class='ocrx_word' id='word_1_24' title='bbox 1010 1165 1193 1252; x_wconf 87' lang='lat' dir='ltr'><strong>introitum</strong></span> <span class='ocrx_word' id='word_1_25' title='bbox 1224 1163 1387 1250; x_wconf 88' lang='lat' dir='ltr'><strong>ecclesie</strong></span> <span class='ocrx_word' id='word_1_26' title='bbox 1412 1178 1450 1251; x_wconf 91' lang='lat' dir='ltr'><strong>et</strong></span> <span class='ocrx_word' id='word_1_27' title='bbox 1470 1147 1680 1252; x_wconf 77' lang='lat' dir='ltr'><strong>diuitiarum</strong></span> <span class='ocrx_word' id='word_1_28' title='bbox 1701 1163 1959 1274; x_wconf 84' lang='lat' dir='ltr'><strong>audicionem,</strong></span> <span class='ocrx_word' id='word_1_29' title='bbox 1989 1199 2037 1256; x_wconf 91' lang='lat' dir='ltr'><strong>ac</strong></span> 
     </span>
     <span class='ocr_line' id='line_1_5' title="bbox 410 1281 2037 1401; baseline 0 -29"><span class='ocrx_word' id='word_1_30' title='bbox 410 1296 733 1372; x_wconf 87' lang='lat' dir='ltr'><strong>sacramentorum</strong></span> <span class='ocrx_word' id='word_1_31' title='bbox 756 1283 1098 1370; x_wconf 85' lang='lat' dir='ltr'><strong>ecclesiasticorum</strong></span> <span class='ocrx_word' id='word_1_32' title='bbox 1120 1284 1428 1399; x_wconf 86' lang='lat' dir='ltr'><strong>percepcionem,</strong></span> <span class='ocrx_word' id='word_1_33' title='bbox 1450 1281 1519 1370; x_wconf 88' lang='lat' dir='ltr'><strong>sibi</strong></span> <span class='ocrx_word' id='word_1_34' title='bbox 1541 1284 1689 1401; x_wconf 88' lang='lat' dir='ltr'><strong>penitus</strong></span> <span class='ocrx_word' id='word_1_35' title='bbox 1710 1281 1934 1400; x_wconf 88' lang='lat' dir='ltr'><strong>inhybentes</strong></span> <span class='ocrx_word' id='word_1_36' title='bbox 1954 1287 2037 1398; x_wconf 89' lang='lat' dir='ltr'><strong>(sic)</strong></span> 
     </span>
     <span class='ocr_line' id='line_1_6' title="bbox 315 1399 2037 1518; baseline -0.001 -29"><span class='ocrx_word' id='word_1_37' title='bbox 315 1426 320 1436; x_wconf 88' lang='lat'>·</span> <span class='ocrx_word' id='word_1_38' title='bbox 410 1416 449 1490; x_wconf 89' lang='lat' dir='ltr'><strong>ct</strong></span> <span class='ocrx_word' id='word_1_39' title='bbox 469 1401 732 1488; x_wconf 73' lang='lat' dir='ltr'><strong>interdicentes</strong></span> <span class='ocrx_word' id='word_1_40' title='bbox 753 1400 917 1503; x_wconf 88' lang='lat' dir='ltr'><strong>tamdiu,</strong></span> <span class='ocrx_word' id='word_1_41' title='bbox 941 1400 1070 1488; x_wconf 87' lang='lat' dir='ltr'><strong>donec</strong></span> <span class='ocrx_word' id='word_1_42' title='bbox 1090 1431 1113 1488; x_wconf 93' lang='lat' dir='ltr'><strong>a</strong></span> <span class='ocrx_word' id='word_1_43' title='bbox 1135 1399 1264 1502; x_wconf 90' lang='lat' dir='ltr'><strong>nobis,</strong></span> <span class='ocrx_word' id='word_1_44' title='bbox 1295 1399 1354 1492; x_wconf 87' lang='lat' dir='ltr'><strong>vel</strong></span> <span class='ocrx_word' id='word_1_45' title='bbox 1375 1429 1399 1486; x_wconf 87' lang='lat' dir='ltr'><strong>a</strong></span> <span class='ocrx_word' id='word_1_46' title='bbox 1420 1416 1550 1488; x_wconf 91' lang='lat' dir='ltr'><strong>nostro</strong></span> <span class='ocrx_word' id='word_1_47' title='bbox 1572 1402 1757 1518; x_wconf 83' lang='lat' dir='ltr'><strong>superiori</strong></span> <span class='ocrx_word' id='word_1_48' title='bbox 1776 1399 1877 1487; x_wconf 93' lang='lat' dir='ltr'><strong>aliud</strong></span> <span class='ocrx_word' id='word_1_49' title='bbox 1897 1401 2037 1491; x_wconf 85' lang='lat' dir='ltr'><strong>babue-</strong></span> 
     </span>
     <span class='ocr_line' id='line_1_7' title="bbox 410 1517 2034 1638; baseline 0 -32"><span class='ocrx_word' id='word_1_50' title='bbox 410 1522 490 1608; x_wconf 88' lang='lat' dir='ltr'><strong>ritis</strong></span> <span class='ocrx_word' id='word_1_51' title='bbox 511 1521 547 1606; x_wconf 92' lang='lat' dir='ltr'><strong>in</strong></span> <span class='ocrx_word' id='word_1_52' title='bbox 567 1517 772 1623; x_wconf 90' lang='lat' dir='ltr'><strong>mandatis;</strong></span> <span class='ocrx_word' id='word_1_53' title='bbox 803 1519 1044 1636; x_wconf 89' lang='lat' dir='ltr'><strong>prelatasque</strong></span> <span class='ocrx_word' id='word_1_54' title='bbox 1074 1519 1199 1608; x_wconf 89' lang='lat' dir='ltr'><strong>literas</strong></span> <span class='ocrx_word' id='word_1_55' title='bbox 1228 1531 1381 1606; x_wconf 87' lang='lat' dir='ltr'><strong>nostros</strong></span> <span class='ocrx_word' id='word_1_56' title='bbox 1409 1549 1478 1606; x_wconf 90' lang='lat' dir='ltr'><strong>seu</strong></span> <span class='ocrx_word' id='word_1_57' title='bbox 1499 1547 1725 1638; x_wconf 89' lang='lat' dir='ltr'><strong>processum</strong></span> <span class='ocrx_word' id='word_1_58' title='bbox 1746 1517 2034 1607; x_wconf 82' lang='lat' dir='ltr'><strong>declaratorium</strong></span> 
     </span>
     <span class='ocr_line' id='line_1_8' title="bbox 326 1632 2035 1757; baseline -0.002 -29"><span class='ocrx_word' id='word_1_59' title='bbox 326 1632 330 1640; x_wconf 66' lang='grc'><em>’</em></span> <span class='ocrx_word' id='word_1_60' title='bbox 409 1638 582 1728; x_wconf 90' lang='lat' dir='ltr'><strong>volumus</strong></span> <span class='ocrx_word' id='word_1_61' title='bbox 603 1665 721 1751; x_wconf 88' lang='lat' dir='ltr'><strong>penes</strong></span> <span class='ocrx_word' id='word_1_62' title='bbox 742 1635 879 1723; x_wconf 90' lang='lat' dir='ltr'><strong>dictum</strong></span> <span class='ocrx_word' id='word_1_63' title='bbox 909 1633 1157 1724; x_wconf 89' lang='lat' dir='ltr'><strong>reuerendum</strong></span> <span class='ocrx_word' id='word_1_64' title='bbox 1184 1650 1328 1754; x_wconf 89' lang='lat' dir='ltr'><strong>patrem</strong></span> <span class='ocrx_word' id='word_1_65' title='bbox 1355 1634 1544 1724; x_wconf 90' lang='lat' dir='ltr'><strong>dominum</strong></span> <span class='ocrx_word' id='word_1_66' title='bbox 1565 1635 1788 1743; x_wconf 71' lang='lat' dir='ltr'><strong>iohannem,</strong></span> <span class='ocrx_word' id='word_1_67' title='bbox 1816 1638 2035 1757; x_wconf 91' lang='lat' dir='ltr'><strong>episcopum</strong></span> 
     </span>
     <span class='ocr_line' id='line_1_9' title="bbox 409 1753 2038 1873; baseline 0 -31"><span class='ocrx_word' id='word_1_68' title='bbox 409 1753 750 1846; x_wconf 85' lang='lat' dir='ltr'><strong>wladislauiensem</strong></span> <span class='ocrx_word' id='word_1_69' title='bbox 772 1754 830 1841; x_wconf 93' lang='lat' dir='ltr'><strong>uel</strong></span> <span class='ocrx_word' id='word_1_70' title='bbox 853 1770 1134 1872; x_wconf 89' lang='lat' dir='ltr'><strong>procuratorem</strong></span> <span class='ocrx_word' id='word_1_71' title='bbox 1156 1784 1264 1842; x_wconf 90' lang='lat' dir='ltr'><strong>suum</strong></span> <span class='ocrx_word' id='word_1_72' title='bbox 1286 1783 1500 1860; x_wconf 89' lang='lat' dir='ltr'><strong>remanere,</strong></span> <span class='ocrx_word' id='word_1_73' title='bbox 1524 1763 1569 1842; x_wconf 87' lang='lat' dir='ltr'><strong>&#39;at</strong></span> <span class='ocrx_word' id='word_1_74' title='bbox 1587 1784 1665 1842; x_wconf 92' lang='lat' dir='ltr'><strong>non</strong></span> <span class='ocrx_word' id='word_1_75' title='bbox 1685 1783 1859 1872; x_wconf 88' lang='lat' dir='ltr'><strong>parvos,</strong></span> <span class='ocrx_word' id='word_1_76' title='bbox 1881 1786 1953 1844; x_wconf 92' lang='lat' dir='ltr'><strong>nec</strong></span> <span class='ocrx_word' id='word_1_77' title='bbox 1968 1785 2038 1873; x_wconf 89' lang='lat' dir='ltr'><strong>per</strong></span> 
     </span>
     <span class='ocr_line' id='line_1_10' title="bbox 408 1870 2035 1990; baseline 0.001 -31"><span class='ocrx_word' id='word_1_78' title='bbox 408 1872 620 1990; x_wconf 88' lang='lat' dir='ltr'><strong>quampiam</strong></span> <span class='ocrx_word' id='word_1_79' title='bbox 652 1887 836 1974; x_wconf 89' lang='lat' dir='ltr'><strong>vestrum,</strong></span> <span class='ocrx_word' id='word_1_80' title='bbox 868 1887 993 1988; x_wconf 89' lang='lat' dir='ltr'><strong>preter</strong></span> <span class='ocrx_word' id='word_1_81' title='bbox 1022 1873 1139 1990; x_wconf 90' lang='lat' dir='ltr'><strong>ipsius</strong></span> <span class='ocrx_word' id='word_1_82' title='bbox 1159 1871 1298 1960; x_wconf 90' lang='lat' dir='ltr'><strong>domini</strong></span> <span class='ocrx_word' id='word_1_83' title='bbox 1317 1870 1500 1990; x_wconf 86' lang='lat' dir='ltr'><strong>Episcopi</strong></span> <span class='ocrx_word' id='word_1_84' title='bbox 1521 1873 1582 1960; x_wconf 88' lang='lat' dir='ltr'><strong>uel</strong></span> <span class='ocrx_word' id='word_1_85' title='bbox 1603 1873 1859 1990; x_wconf 79' lang='lat' dir='ltr'><strong>procuratoris</strong></span> <span class='ocrx_word' id='word_1_86' title='bbox 1889 1874 1946 1964; x_wconf 85' lang='lat' dir='ltr'><strong>sui</strong></span> <span class='ocrx_word' id='word_1_87' title='bbox 1967 1903 2035 1960; x_wconf 87' lang='lat' dir='ltr'><strong>vo·</strong></span> 
     </span>
     <span class='ocr_line' id='line_1_11' title="bbox 386 1987 2036 2107; baseline 0.001 -31"><span class='ocrx_word' id='word_1_88' title='bbox 386 1991 609 2094; x_wconf 78' lang='lat' dir='ltr'><strong>instatere,</strong></span> <span class='ocrx_word' id='word_1_89' title='bbox 641 1987 920 2107; x_wconf 84' lang='lat' dir='ltr'><strong>quomodolibet</strong></span> <span class='ocrx_word' id='word_1_90' title='bbox 942 1989 1118 2078; x_wconf 90' lang='lat' dir='ltr'><strong>detinere.</strong></span> <span class='ocrx_word' id='word_1_91' title='bbox 1183 1991 1418 2077; x_wconf 80' lang='lat' dir='ltr'><strong>Contrarium</strong></span> <span class='ocrx_word' id='word_1_92' title='bbox 1440 2018 1534 2078; x_wconf 90' lang='lat' dir='ltr'><strong>vero</strong></span> <span class='ocrx_word' id='word_1_93' title='bbox 1563 1989 1744 2076; x_wconf 85' lang='lat' dir='ltr'><strong>iacientes</strong></span> <span class='ocrx_word' id='word_1_94' title='bbox 1783 1993 2036 2078; x_wconf 84' lang='lat' dir='ltr'><strong>excommuni-</strong></span> 
     </span>
     <span class='ocr_line' id='line_1_12' title="bbox 409 2105 2037 2224; baseline 0.001 -30"><span class='ocrx_word' id='word_1_95' title='bbox 409 2109 577 2196; x_wconf 90' lang='lat' dir='ltr'><strong>cacionis</strong></span> <span class='ocrx_word' id='word_1_96' title='bbox 597 2107 789 2194; x_wconf 89' lang='lat' dir='ltr'><strong>sentencie</strong></span> <span class='ocrx_word' id='word_1_97' title='bbox 809 2109 893 2224; x_wconf 88' lang='lat' dir='ltr'><strong>ipso</strong></span> <span class='ocrx_word' id='word_1_98' title='bbox 913 2108 1015 2194; x_wconf 86' lang='lat' dir='ltr'><strong>facto</strong></span> <span class='ocrx_word' id='word_1_99' title='bbox 1037 2107 1208 2194; x_wconf 87' lang='lat' dir='ltr'><strong>volumus</strong></span> <span class='ocrx_word' id='word_1_100' title='bbox 1237 2105 1446 2194; x_wconf 90' lang='lat' dir='ltr'><strong>subiacere.</strong></span> <span class='ocrx_word' id='word_1_101' title='bbox 1507 2105 1736 2194; x_wconf 80' lang='lat' dir='ltr'><strong>Mandantes</strong></span> <span class='ocrx_word' id='word_1_102' title='bbox 1765 2122 1887 2195; x_wconf 92' lang='lat' dir='ltr'><strong>tamen</strong></span> <span class='ocrx_word' id='word_1_103' title='bbox 1913 2124 1949 2195; x_wconf 89' lang='lat' dir='ltr'><strong>et</strong></span> <span class='ocrx_word' id='word_1_104' title='bbox 1970 2138 2037 2196; x_wconf 92' lang='lat' dir='ltr'><strong>co-</strong></span> 
     </span>
     <span class='ocr_line' id='line_1_13' title="bbox 410 2215 2075 2346; baseline -0.001 -33"><span class='ocrx_word' id='word_1_105' title='bbox 410 2228 509 2346; x_wconf 89' lang='lat' dir='ltr'><strong>piam</strong></span> <span class='ocrx_word' id='word_1_106' title='bbox 530 2223 611 2312; x_wconf 85' lang='lat' dir='ltr'><strong>lieri</strong></span> <span class='ocrx_word' id='word_1_107' title='bbox 631 2223 682 2311; x_wconf 90' lang='lat' dir='ltr'><strong>de</strong></span> <span class='ocrx_word' id='word_1_108' title='bbox 702 2225 895 2340; x_wconf 87' lang='lat' dir='ltr'><strong>premissis</strong></span> <span class='ocrx_word' id='word_1_109' title='bbox 915 2253 999 2312; x_wconf 87' lang='lat' dir='ltr'><strong>eam</strong></span> <span class='ocrx_word' id='word_1_110' title='bbox 1020 2223 1251 2341; x_wconf 89' lang='lat' dir='ltr'><strong>petentibus,</strong></span> <span class='ocrx_word' id='word_1_111' title='bbox 1282 2223 1490 2340; x_wconf 85' lang='lat' dir='ltr'><strong>sumptibus</strong></span> <span class='ocrx_word' id='word_1_112' title='bbox 1511 2221 1661 2342; x_wconf 86' lang='lat' dir='ltr'><strong>quidem</strong></span> <span class='ocrx_word' id='word_1_113' title='bbox 1682 2225 1891 2340; x_wconf 86' lang='lat' dir='ltr'><strong>potenciam</strong></span> <span class='ocrx_word' id='word_1_114' title='bbox 1914 2241 1948 2311; x_wconf 93' lang='lat' dir='ltr'><strong>et</strong></span> <span class='ocrx_word' id='word_1_115' title='bbox 1970 2251 2036 2311; x_wconf 60' lang='lat' dir='ltr'><strong>ext</strong></span> <span class='ocrx_word' id='word_1_116' title='bbox 2068 2215 2075 2230; x_wconf 61' lang='lat'><em>⁶</em></span> 
     </span>
     <span class='ocr_line' id='line_1_14' title="bbox 410 2337 2037 2464; baseline -0.001 -32"><span class='ocrx_word' id='word_1_117' title='bbox 410 2345 549 2464; x_wconf 86' lang='lat' dir='ltr'><strong>pensis.</strong></span> <span class='ocrx_word' id='word_1_118' title='bbox 610 2341 669 2428; x_wconf 90' lang='lat' dir='ltr'><strong>De</strong></span> <span class='ocrx_word' id='word_1_119' title='bbox 696 2340 758 2428; x_wconf 89' lang='lat' dir='ltr'><strong>die</strong></span> <span class='ocrx_word' id='word_1_120' title='bbox 792 2371 885 2429; x_wconf 89' lang='lat' dir='ltr'><strong>vero</strong></span> <span class='ocrx_word' id='word_1_121' title='bbox 922 2342 1162 2428; x_wconf 88' lang='lat' dir='ltr'><strong>execucionis</strong></span> <span class='ocrx_word' id='word_1_122' title='bbox 1197 2343 1455 2460; x_wconf 88' lang='lat' dir='ltr'><strong>presencium,</strong></span> <span class='ocrx_word' id='word_1_123' title='bbox 1496 2357 1533 2428; x_wconf 90' lang='lat' dir='ltr'><strong>et</strong></span> <span class='ocrx_word' id='word_1_124' title='bbox 1566 2337 1744 2460; x_wconf 90' lang='lat' dir='ltr'><strong>quicquid</strong></span> <span class='ocrx_word' id='word_1_125' title='bbox 1772 2341 1807 2426; x_wconf 92' lang='lat' dir='ltr'><strong>in</strong></span> <span class='ocrx_word' id='word_1_126' title='bbox 1843 2342 2037 2458; x_wconf 87' lang='lat' dir='ltr'><strong>premissis</strong></span> 
     </span>
     <span class='ocr_line' id='line_1_15' title="bbox 409 2455 2035 2575; baseline -0.002 -25"><span class='ocrx_word' id='word_1_127' title='bbox 409 2461 588 2565; x_wconf 76' lang='lat' dir='ltr'><strong>feceritis,</strong></span> <span class='ocrx_word' id='word_1_128' title='bbox 618 2487 687 2574; x_wconf 90' lang='lat' dir='ltr'><strong>per</strong></span> <span class='ocrx_word' id='word_1_129' title='bbox 707 2471 854 2546; x_wconf 80' lang='lat' dir='ltr'><strong>vestras</strong></span> <span class='ocrx_word' id='word_1_130' title='bbox 876 2474 1062 2575; x_wconf 86' lang='lat' dir='ltr'><strong>pattentes</strong></span> <span class='ocrx_word' id='word_1_131' title='bbox 1083 2459 1166 2570; x_wconf 83' lang='lat' dir='ltr'><strong>(sic)</strong></span> <span class='ocrx_word' id='word_1_132' title='bbox 1187 2459 1333 2564; x_wconf 82' lang='lat' dir='ltr'><strong>literae,</strong></span> <span class='ocrx_word' id='word_1_133' title='bbox 1364 2471 1429 2544; x_wconf 91' lang='lat' dir='ltr'><strong>aut</strong></span> <span class='ocrx_word' id='word_1_134' title='bbox 1446 2458 1691 2544; x_wconf 90' lang='lat' dir='ltr'><strong>instrumenta</strong></span> <span class='ocrx_word' id='word_1_135' title='bbox 1706 2455 1872 2575; x_wconf 89' lang='lat' dir='ltr'><strong>publica,</strong></span> <span class='ocrx_word' id='word_1_136' title='bbox 1904 2459 2035 2546; x_wconf 89' lang='lat' dir='ltr'><strong>barum</strong></span> 
     </span>
     <span class='ocr_line' id='line_1_16' title="bbox 409 2575 2036 2695; baseline -0.002 -28"><span class='ocrx_word' id='word_1_137' title='bbox 409 2580 545 2668; x_wconf 87' lang='lat' dir='ltr'><strong>seriem</strong></span> <span class='ocrx_word' id='word_1_138' title='bbox 574 2606 642 2665; x_wconf 86' lang='lat' dir='ltr'><strong>seu</strong></span> <span class='ocrx_word' id='word_1_139' title='bbox 673 2575 982 2695; x_wconf 90' lang='lat' dir='ltr'><strong>designecionem</strong></span> <span class='ocrx_word' id='word_1_140' title='bbox 1008 2579 1045 2664; x_wconf 96' lang='lat' dir='ltr'><strong>in</strong></span> <span class='ocrx_word' id='word_1_141' title='bbox 1061 2606 1106 2663; x_wconf 90' lang='lat' dir='ltr'><strong>se</strong></span> <span class='ocrx_word' id='word_1_142' title='bbox 1126 2577 1361 2664; x_wconf 89' lang='lat' dir='ltr'><strong>continentes</strong></span> <span class='ocrx_word' id='word_1_143' title='bbox 1382 2603 1451 2662; x_wconf 89' lang='lat' dir='ltr'><strong>seu</strong></span> <span class='ocrx_word' id='word_1_144' title='bbox 1471 2575 1723 2680; x_wconf 88' lang='lat' dir='ltr'><strong>continencia,</strong></span> <span class='ocrx_word' id='word_1_145' title='bbox 1755 2575 1922 2663; x_wconf 90' lang='lat' dir='ltr'><strong>remissis</strong></span> <span class='ocrx_word' id='word_1_146' title='bbox 1949 2607 2036 2694; x_wconf 89' lang='lat' dir='ltr'><strong>pre-</strong></span> 
     </span>
     <span class='ocr_line' id='line_1_17' title="bbox 409 2691 2037 2811; baseline -0.003 -26"><span class='ocrx_word' id='word_1_147' title='bbox 409 2694 596 2798; x_wconf 90' lang='lat' dir='ltr'><strong>sentibus,</strong></span> <span class='ocrx_word' id='word_1_148' title='bbox 628 2723 700 2782; x_wconf 89' lang='lat' dir='ltr'><strong>nos</strong></span> <span class='ocrx_word' id='word_1_149' title='bbox 720 2692 888 2781; x_wconf 88' lang='lat' dir='ltr'><strong>reddatis</strong></span> <span class='ocrx_word' id='word_1_150' title='bbox 908 2695 1110 2782; x_wconf 84' lang='lat' dir='ltr'><strong>cerciores.</strong></span> <span class='ocrx_word' id='word_1_151' title='bbox 1170 2692 1213 2781; x_wconf 92' lang='lat' dir='ltr'><strong>ln</strong></span> <span class='ocrx_word' id='word_1_152' title='bbox 1235 2723 1392 2811; x_wconf 88' lang='lat' dir='ltr'><strong>quorum</strong></span> <span class='ocrx_word' id='word_1_153' title='bbox 1414 2694 1577 2780; x_wconf 90' lang='lat' dir='ltr'><strong>omnium</strong></span> <span class='ocrx_word' id='word_1_154' title='bbox 1598 2691 1712 2779; x_wconf 89' lang='lat' dir='ltr'><strong>tidem</strong></span> <span class='ocrx_word' id='word_1_155' title='bbox 1733 2705 1770 2778; x_wconf 88' lang='lat' dir='ltr'><strong>ct</strong></span> <span class='ocrx_word' id='word_1_156' title='bbox 1791 2693 2037 2780; x_wconf 87' lang='lat' dir='ltr'><strong>testimonium</strong></span> 
     </span>
     <span class='ocr_line' id='line_1_18' title="bbox 410 2808 2038 2934; baseline -0.002 -32"><span class='ocrx_word' id='word_1_157' title='bbox 410 2813 695 2934; x_wconf 90' lang='lat' dir='ltr'><strong>premissorum,</strong></span> <span class='ocrx_word' id='word_1_158' title='bbox 726 2824 925 2928; x_wconf 85' lang='lat' dir='ltr'><strong>presentes</strong></span> <span class='ocrx_word' id='word_1_159' title='bbox 946 2827 1098 2900; x_wconf 84' lang='lat' dir='ltr'><strong>nostras</strong></span> <span class='ocrx_word' id='word_1_160' title='bbox 1118 2809 1390 2898; x_wconf 86' lang='lat' dir='ltr'><strong>declaratorias</strong></span> <span class='ocrx_word' id='word_1_161' title='bbox 1410 2811 1539 2898; x_wconf 89' lang='lat' dir='ltr'><strong>literas</strong></span> <span class='ocrx_word' id='word_1_162' title='bbox 1559 2811 1671 2898; x_wconf 90' lang='lat' dir='ltr'><strong>scribi</strong></span> <span class='ocrx_word' id='word_1_163' title='bbox 1687 2822 1725 2896; x_wconf 89' lang='lat' dir='ltr'><strong>et</strong></span> <span class='ocrx_word' id='word_1_164' title='bbox 1739 2808 1918 2925; x_wconf 90' lang='lat' dir='ltr'><strong>publicari</strong></span> <span class='ocrx_word' id='word_1_165' title='bbox 1935 2841 2038 2898; x_wconf 89' lang='lat' dir='ltr'><strong>man·</strong></span> 
     </span>
     <span class='ocr_line' id='line_1_19' title="bbox 410 2927 2036 3050; baseline -0.003 -30"><span class='ocrx_word' id='word_1_166' title='bbox 410 2932 602 3036; x_wconf 85' lang='lat' dir='ltr'><strong>decimus,</strong></span> <span class='ocrx_word' id='word_1_167' title='bbox 631 2929 825 3047; x_wconf 89' lang='lat' dir='ltr'><strong>nostrique</strong></span> <span class='ocrx_word' id='word_1_168' title='bbox 845 2930 958 3050; x_wconf 79' lang='lat' dir='ltr'><strong>sigilli</strong></span> <span class='ocrx_word' id='word_1_169' title='bbox 977 2929 1210 3048; x_wconf 88' lang='lat' dir='ltr'><strong>appensione</strong></span> <span class='ocrx_word' id='word_1_170' title='bbox 1230 2929 1407 3018; x_wconf 86' lang='lat' dir='ltr'><strong>iussimus</strong></span> <span class='ocrx_word' id='word_1_171' title='bbox 1428 2927 1657 3016; x_wconf 90' lang='lat' dir='ltr'><strong>communiri.</strong></span> <span class='ocrx_word' id='word_1_172' title='bbox 1695 2927 1831 3014; x_wconf 88' lang='lat' dir='ltr'><strong>Actum</strong></span> <span class='ocrx_word' id='word_1_173' title='bbox 1852 2943 1890 3016; x_wconf 92' lang='lat' dir='ltr'><strong>et</strong></span> <span class='ocrx_word' id='word_1_174' title='bbox 1910 2927 2036 3016; x_wconf 91' lang='lat' dir='ltr'><strong>datum</strong></span> 
     </span>
     <span class='ocr_line' id='line_1_20' title="bbox 419 3043 2038 3150; baseline -0.002 -12"><span class='ocrx_word' id='word_1_175' title='bbox 419 3054 673 3149; x_wconf 70' lang='lat' dir='ltr'><strong>chdrilcme,</strong></span> <span class='ocrx_word' id='word_1_176' title='bbox 706 3049 743 3134; x_wconf 92' lang='lat' dir='ltr'><strong>in</strong></span> <span class='ocrx_word' id='word_1_177' title='bbox 758 3049 873 3135; x_wconf 91' lang='lat' dir='ltr'><strong>domo</strong></span> <span class='ocrx_word' id='word_1_178' title='bbox 894 3063 1024 3136; x_wconf 87' lang='lat' dir='ltr'><strong>nostre</strong></span> <span class='ocrx_word' id='word_1_179' title='bbox 1043 3046 1316 3150; x_wconf 87' lang='lat' dir='ltr'><strong>habitacionis,</strong></span> <span class='ocrx_word' id='word_1_180' title='bbox 1345 3073 1446 3133; x_wconf 91' lang='lat' dir='ltr'><strong>anno</strong></span> <span class='ocrx_word' id='word_1_181' title='bbox 1463 3045 1614 3136; x_wconf 84' lang='lat' dir='ltr'><strong>domini</strong></span> <span class='ocrx_word' id='word_1_182' title='bbox 1644 3043 1838 3132; x_wconf 86' lang='lat' dir='ltr'><strong>millesimo</strong></span> <span class='ocrx_word' id='word_1_183' title='bbox 1859 3045 2038 3134; x_wconf 71' lang='lat' dir='ltr'>CCCC⁰⁰</span> 
     </span>
     <span class='ocr_line' id='line_1_21' title="bbox 409 3160 2036 3283; baseline -0.006 -23"><span class='ocrx_word' id='word_1_184' title='bbox 409 3169 590 3260; x_wconf 80' lang='lat' dir='ltr'><strong>vicesimo</strong></span> <span class='ocrx_word' id='word_1_185' title='bbox 610 3165 789 3283; x_wconf 88' lang='lat' dir='ltr'><strong>septimo,</strong></span> <span class='ocrx_word' id='word_1_186' title='bbox 819 3164 1006 3254; x_wconf 89' lang='lat' dir='ltr'><strong>indicione</strong></span> <span class='ocrx_word' id='word_1_187' title='bbox 1025 3167 1176 3282; x_wconf 88' lang='lat' dir='ltr'><strong>quincta</strong></span> <span class='ocrx_word' id='word_1_188' title='bbox 1197 3163 1301 3277; x_wconf 90' lang='lat' dir='ltr'><strong>(sic),</strong></span> <span class='ocrx_word' id='word_1_189' title='bbox 1332 3160 1568 3281; x_wconf 86' lang='lat' dir='ltr'><strong>pontificatus</strong></span> <span class='ocrx_word' id='word_1_190' title='bbox 1588 3162 1813 3252; x_wconf 90' lang='lat' dir='ltr'><strong>sanctissimi</strong></span> <span class='ocrx_word' id='word_1_191' title='bbox 1834 3163 1870 3248; x_wconf 88' lang='lat' dir='ltr'><strong>in</strong></span> <span class='ocrx_word' id='word_1_192' title='bbox 1887 3161 2036 3250; x_wconf 88' lang='lat' dir='ltr'><strong>Christo</strong></span> 
     </span>
     <span class='ocr_line' id='line_1_22' title="bbox 297 3279 2035 3483; baseline -0.002 -112"><span class='ocrx_word' id='word_1_193' title='bbox 297 3373 300 3381; x_wconf 77' lang='grc'><strong>,</strong></span> <span class='ocrx_word' id='word_1_194' title='bbox 409 3284 528 3404; x_wconf 89' lang='lat' dir='ltr'><strong>patris</strong></span> <span class='ocrx_word' id='word_1_195' title='bbox 548 3296 586 3370; x_wconf 91' lang='lat' dir='ltr'><strong>et</strong></span> <span class='ocrx_word' id='word_1_196' title='bbox 605 3282 744 3372; x_wconf 89' lang='lat' dir='ltr'><strong>domini</strong></span> <span class='ocrx_word' id='word_1_197' title='bbox 764 3285 893 3390; x_wconf 89' lang='lat' dir='ltr'><strong>nostri,</strong></span> <span class='ocrx_word' id='word_1_198' title='bbox 914 3283 1054 3372; x_wconf 92' lang='lat' dir='ltr'><strong>domini</strong></span> <span class='ocrx_word' id='word_1_199' title='bbox 1069 3283 1231 3384; x_wconf 85' lang='lat' dir='ltr'><strong>Martini,</strong></span> <span class='ocrx_word' id='word_1_200' title='bbox 1252 3281 1376 3380; x_wconf 84' lang='lat' dir='ltr'><strong>diuina</strong></span> <span class='ocrx_word' id='word_1_201' title='bbox 1398 3279 1641 3398; x_wconf 86' lang='lat' dir='ltr'><strong>prouidencia</strong></span> <span class='ocrx_word' id='word_1_202' title='bbox 1663 3309 1760 3398; x_wconf 92' lang='lat' dir='ltr'><strong>pape</strong></span> <span class='ocrx_word' id='word_1_203' title='bbox 1780 3280 1912 3483; x_wconf 74' lang='lat' dir='ltr'><strong>ppinti,</strong></span> <span class='ocrx_word' id='word_1_204' title='bbox 1933 3310 2035 3368; x_wconf 90' lang='lat' dir='ltr'><strong>anno</strong></span> 
     </span>
     <span class='ocr_line' id='line_1_23' title="bbox 409 3397 2034 3519; baseline -0.004 -27"><span class='ocrx_word' id='word_1_205' title='bbox 409 3401 577 3504; x_wconf 90' lang='lat' dir='ltr'><strong>decimo,</strong></span> <span class='ocrx_word' id='word_1_206' title='bbox 609 3400 670 3488; x_wconf 92' lang='lat' dir='ltr'><strong>die</strong></span> <span class='ocrx_word' id='word_1_207' title='bbox 690 3431 782 3490; x_wconf 88' lang='lat' dir='ltr'><strong>vero</strong></span> <span class='ocrx_word' id='word_1_208' title='bbox 801 3399 875 3488; x_wconf 91' lang='lat' dir='ltr'><strong>Xll</strong></span> <span class='ocrx_word' id='word_1_209' title='bbox 895 3401 1034 3488; x_wconf 86' lang='lat' dir='ltr'><strong>mensis</strong></span> <span class='ocrx_word' id='word_1_210' title='bbox 1053 3401 1244 3519; x_wconf 81' lang='lat' dir='ltr'><strong>februarij,</strong></span> <span class='ocrx_word' id='word_1_211' title='bbox 1276 3402 1369 3492; x_wconf 92' lang='lat' dir='ltr'><strong>bora</strong></span> <span class='ocrx_word' id='word_1_212' title='bbox 1390 3415 1497 3487; x_wconf 81' lang='lat' dir='ltr'><strong>sexta</strong></span> <span class='ocrx_word' id='word_1_213' title='bbox 1519 3397 1579 3488; x_wconf 91' lang='lat' dir='ltr'><strong>vel</strong></span> <span class='ocrx_word' id='word_1_214' title='bbox 1607 3401 1726 3516; x_wconf 87' lang='lat' dir='ltr'><strong>quasi.</strong></span> <span class='ocrx_word' id='word_1_215' title='bbox 1823 3399 2034 3485; x_wconf 79' lang='lat' dir='ltr'><strong>recentibus</strong></span> 
     </span>
     <span class='ocr_line' id='line_1_24' title="bbox 412 3513 2037 3636; baseline -0.005 -26"><span class='ocrx_word' id='word_1_216' title='bbox 412 3519 547 3610; x_wconf 86' lang='lat' dir='ltr'><strong>ibidem</strong></span> <span class='ocrx_word' id='word_1_217' title='bbox 567 3519 849 3608; x_wconf 82' lang='lat' dir='ltr'><strong>honorabilibus</strong></span> <span class='ocrx_word' id='word_1_218' title='bbox 870 3534 907 3607; x_wconf 89' lang='lat' dir='ltr'><strong>et</strong></span> <span class='ocrx_word' id='word_1_219' title='bbox 927 3519 1101 3608; x_wconf 86' lang='lat' dir='ltr'><strong>discretis</strong></span> <span class='ocrx_word' id='word_1_220' title='bbox 1122 3520 1225 3625; x_wconf 79' lang='lat' dir='ltr'><strong>vnis,</strong></span> <span class='ocrx_word' id='word_1_221' title='bbox 1245 3517 1416 3606; x_wconf 88' lang='lat' dir='ltr'><strong>dominis:</strong></span> <span class='ocrx_word' id='word_1_222' title='bbox 1437 3517 1628 3636; x_wconf 84' lang='lat' dir='ltr'><strong>Gregorio</strong></span> <span class='ocrx_word' id='word_1_223' title='bbox 1651 3513 1927 3618; x_wconf 90' lang='lat' dir='ltr'><strong>Vicecustnde,</strong></span> <span class='ocrx_word' id='word_1_224' title='bbox 1948 3515 2037 3602; x_wconf 91' lang='lat' dir='ltr'><strong>Sta-</strong></span> 
     </span>
    </p>
   </div>
   <div class='ocr_carea' id='block_1_3' title="bbox 409 3631 2034 3873">
    <p class='ocr_par' dir='ltr' id='par_1_3' title="bbox 409 3631 2034 3873">
     <span class='ocr_line' id='line_1_25' title="bbox 409 3631 2034 3755; baseline -0.004 -30"><span class='ocrx_word' id='word_1_225' title='bbox 409 3638 530 3726; x_wconf 90' lang='lat' dir='ltr'><strong>nislao</strong></span> <span class='ocrx_word' id='word_1_226' title='bbox 549 3636 804 3755; x_wconf 88' lang='lat' dir='ltr'><strong>predicatore,</strong></span> <span class='ocrx_word' id='word_1_227' title='bbox 835 3636 1008 3725; x_wconf 82' lang='lat' dir='ltr'><strong>dobanne</strong></span> <span class='ocrx_word' id='word_1_228' title='bbox 1028 3652 1066 3724; x_wconf 90' lang='lat' dir='ltr'><strong>ct</strong></span> <span class='ocrx_word' id='word_1_229' title='bbox 1086 3637 1203 3725; x_wconf 87' lang='lat' dir='ltr'><strong>Petro</strong></span> <span class='ocrx_word' id='word_1_230' title='bbox 1223 3637 1374 3752; x_wconf 90' lang='lat' dir='ltr'><strong>vicarijs</strong></span> <span class='ocrx_word' id='word_1_231' title='bbox 1395 3636 1586 3754; x_wconf 89' lang='lat' dir='ltr'><strong>perpetuis</strong></span> <span class='ocrx_word' id='word_1_232' title='bbox 1606 3635 1644 3722; x_wconf 91' lang='lat' dir='ltr'><strong>in</strong></span> <span class='ocrx_word' id='word_1_233' title='bbox 1663 3633 1828 3722; x_wconf 89' lang='lat' dir='ltr'><strong>ecclesia</strong></span> <span class='ocrx_word' id='word_1_234' title='bbox 1844 3631 2034 3720; x_wconf 87' lang='lat' dir='ltr'><strong>wladisla-</strong></span> 
     </span>
     <span class='ocr_line' id='line_1_26' title="bbox 412 3751 1841 3873; baseline -0.003 -30"><span class='ocrx_word' id='word_1_235' title='bbox 412 3756 548 3860; x_wconf 85' lang='lat' dir='ltr'><strong>uiensi,</strong></span> <span class='ocrx_word' id='word_1_236' title='bbox 579 3754 734 3844; x_wconf 87' lang='lat' dir='ltr'><strong>testibus</strong></span> <span class='ocrx_word' id='word_1_237' title='bbox 755 3755 805 3842; x_wconf 91' lang='lat' dir='ltr'><strong>ad</strong></span> <span class='ocrx_word' id='word_1_238' title='bbox 826 3756 1010 3873; x_wconf 68' lang='lat' dir='ltr'><strong>memissa</strong></span> <span class='ocrx_word' id='word_1_239' title='bbox 1031 3757 1177 3844; x_wconf 85' lang='lat' dir='ltr'><strong>vocatis</strong></span> <span class='ocrx_word' id='word_1_240' title='bbox 1197 3770 1235 3842; x_wconf 90' lang='lat' dir='ltr'><strong>et</strong></span> <span class='ocrx_word' id='word_1_241' title='bbox 1254 3756 1411 3872; x_wconf 84' lang='lat' dir='ltr'><strong>rogetis.</strong></span> <span class='ocrx_word' id='word_1_242' title='bbox 1624 3779 1627 3786; x_wconf 80' lang='grc'><strong>’</strong></span> <span class='ocrx_word' id='word_1_243' title='bbox 1837 3751 1841 3759; x_wconf 84' lang='grc'><strong>’</strong></span> 
     </span>
    </p>
   </div>
   <div class='ocr_carea' id='block_1_4' title="bbox 0 0 2466 5936">
    <p class='ocr_par' dir='ltr' id='par_1_4' title="bbox 0 0 2466 5936">
     <span class='ocr_line' id='line_1_27' title="bbox 0 0 2466 5936; baseline 0 0"><span class='ocrx_word' id='word_1_244' title='bbox 0 0 2466 5936; x_wconf 95' lang='lat' dir='ltr'><strong> </strong></span> 
     </span>
    </p>
   </div>
  </div>
 </body>
</html>
