<?xml version="1.0" encoding="UTF-8"?>
<!DOCTYPE html PUBLIC "-//W3C//DTD XHTML 1.0 Transitional//EN"
    "http://www.w3.org/TR/xhtml1/DTD/xhtml1-transitional.dtd">
<html xmlns="http://www.w3.org/1999/xhtml" xml:lang="en" lang="en">
 <head>
  <title>
</title>
<meta http-equiv="Content-Type" content="text/html;charset=utf-8" />
  <meta name='ocr-system' content='tesseract 3.04.00' />
  <meta name='ocr-capabilities' content='ocr_page ocr_carea ocr_par ocr_line ocrx_word'/>
</head>
<body>
  <div class='ocr_page' id='page_1' title='image "./codexdiplomatic01bartgoog_0488.png"; bbox 0 0 4926 5940; ppageno 0'>
   <div class='ocr_carea' id='block_1_1' title="bbox 1147 743 1423 817">
    <p class='ocr_par' dir='ltr' id='par_1_1' title="bbox 1147 743 1423 817">
     <span class='ocr_line' id='line_1_1' title="bbox 1147 743 1423 817; baseline -0.004 0"><span class='ocrx_word' id='word_1_1' title='bbox 1147 743 1423 817; x_wconf 75' lang='lat' dir='ltr'>-nta-</span> 
     </span>
    </p>
   </div>
   <div class='ocr_carea' id='block_1_2' title="bbox 386 935 2100 1431">
    <p class='ocr_par' dir='ltr' id='par_1_2' title="bbox 386 935 2100 1431">
     <span class='ocr_line' id='line_1_2' title="bbox 465 935 2100 1051; baseline -0.006 -7"><span class='ocrx_word' id='word_1_2' title='bbox 465 955 633 1044; x_wconf 76' lang='lat' dir='ltr'>sentibus</span> <span class='ocrx_word' id='word_1_3' title='bbox 661 950 796 1039; x_wconf 85' lang='lat' dir='ltr'>ibidem</span> <span class='ocrx_word' id='word_1_4' title='bbox 828 947 1107 1042; x_wconf 85' lang='lat' dir='ltr'>venerabilibus</span> <span class='ocrx_word' id='word_1_5' title='bbox 1137 959 1176 1036; x_wconf 87' lang='lat' dir='ltr'>et</span> <span class='ocrx_word' id='word_1_6' title='bbox 1203 945 1487 1037; x_wconf 83' lang='lat' dir='ltr'>honorabilibus</span> <span class='ocrx_word' id='word_1_7' title='bbox 1509 945 1618 1051; x_wconf 89' lang='lat' dir='ltr'>viris,</span> <span class='ocrx_word' id='word_1_8' title='bbox 1646 942 1806 1034; x_wconf 91' lang='lat' dir='ltr'>dominis</span> <span class='ocrx_word' id='word_1_9' title='bbox 1816 935 1833 1032; x_wconf 73' lang='grc' dir='ltr'>ε’</span> <span class='ocrx_word' id='word_1_10' title='bbox 1856 945 2031 1035; x_wconf 81' lang='lat' dir='ltr'>lohanue</span> <span class='ocrx_word' id='word_1_11' title='bbox 2050 945 2100 1038; x_wconf 92' lang='lat' dir='ltr'>de</span> 
     </span>
     <span class='ocr_line' id='line_1_3' title="bbox 464 1061 2099 1188; baseline -0.007 -26"><span class='ocrx_word' id='word_1_12' title='bbox 464 1077 640 1188; x_wconf 80' lang='lat' dir='ltr'>Stuporoo</span> <span class='ocrx_word' id='word_1_13' title='bbox 660 1067 962 1172; x_wconf 86' lang='lat' dir='ltr'>Archidiacouo,</span> <span class='ocrx_word' id='word_1_14' title='bbox 995 1065 1155 1155; x_wconf 91' lang='lat' dir='ltr'>Nicolao</span> <span class='ocrx_word' id='word_1_15' title='bbox 1177 1063 1225 1152; x_wconf 92' lang='lat' dir='ltr'>de</span> <span class='ocrx_word' id='word_1_16' title='bbox 1245 1069 1355 1179; x_wconf 78' lang='lat' dir='ltr'>Kplp</span> <span class='ocrx_word' id='word_1_17' title='bbox 1376 1063 1618 1152; x_wconf 88' lang='lat' dir='ltr'>decretorum</span> <span class='ocrx_word' id='word_1_18' title='bbox 1641 1061 1821 1171; x_wconf 90' lang='lat' dir='ltr'>doctore,</span> <span class='ocrx_word' id='word_1_19' title='bbox 1854 1063 1972 1152; x_wconf 84' lang='lat' dir='ltr'>Petro</span> <span class='ocrx_word' id='word_1_20' title='bbox 2003 1063 2099 1153; x_wconf 83' lang='lat' dir='ltr'>lllu-</span> 
     </span>
     <span class='ocr_line' id='line_1_4' title="bbox 464 1181 2100 1298; baseline -0.006 -19"><span class='ocrx_word' id='word_1_21' title='bbox 464 1193 532 1296; x_wconf 89' lang='lat' dir='ltr'>ha,</span> <span class='ocrx_word' id='word_1_22' title='bbox 563 1190 755 1278; x_wconf 87' lang='lat' dir='ltr'>Stanislao</span> <span class='ocrx_word' id='word_1_23' title='bbox 778 1185 953 1290; x_wconf 87' lang='lat' dir='ltr'>Cbebde,</span> <span class='ocrx_word' id='word_1_24' title='bbox 986 1185 1108 1272; x_wconf 88' lang='lat' dir='ltr'>Paulo</span> <span class='ocrx_word' id='word_1_25' title='bbox 1130 1184 1179 1271; x_wconf 92' lang='lat' dir='ltr'>de</span> <span class='ocrx_word' id='word_1_26' title='bbox 1202 1188 1419 1285; x_wconf 75' lang='lat' dir='ltr'>Cacclrowo,</span> <span class='ocrx_word' id='word_1_27' title='bbox 1440 1181 1612 1270; x_wconf 89' lang='lat' dir='ltr'>Jarando</span> <span class='ocrx_word' id='word_1_28' title='bbox 1633 1182 1682 1268; x_wconf 89' lang='lat' dir='ltr'>de</span> <span class='ocrx_word' id='word_1_29' title='bbox 1704 1181 1994 1298; x_wconf 74' lang='lat' dir='ltr'>lleruaczycze,</span> <span class='ocrx_word' id='word_1_30' title='bbox 2017 1183 2100 1270; x_wconf 81' lang='lat' dir='ltr'>nta-</span> 
     </span>
     <span class='ocr_line' id='line_1_5' title="bbox 386 1299 2100 1431; baseline -0.006 -33"><span class='ocrx_word' id='word_1_31' title='bbox 386 1407 393 1426; x_wconf 42' lang='grc'>,</span> <span class='ocrx_word' id='word_1_32' title='bbox 462 1312 606 1431; x_wconf 80' lang='lat' dir='ltr'>gistro,</span> <span class='ocrx_word' id='word_1_33' title='bbox 636 1305 851 1394; x_wconf 89' lang='lat' dir='ltr'>Laurencio</span> <span class='ocrx_word' id='word_1_34' title='bbox 873 1304 922 1392; x_wconf 91' lang='lat' dir='ltr'>de</span> <span class='ocrx_word' id='word_1_35' title='bbox 941 1309 1257 1417; x_wconf 79' lang='lat' dir='ltr'>Borzeuoyezslro,</span> <span class='ocrx_word' id='word_1_36' title='bbox 1288 1301 1465 1390; x_wconf 84' lang='lat' dir='ltr'>lohanne</span> <span class='ocrx_word' id='word_1_37' title='bbox 1485 1299 1535 1388; x_wconf 93' lang='lat' dir='ltr'>de</span> <span class='ocrx_word' id='word_1_38' title='bbox 1554 1307 1822 1416; x_wconf 80' lang='lat' dir='ltr'>Mlodowyoo,</span> <span class='ocrx_word' id='word_1_39' title='bbox 1860 1301 2100 1422; x_wconf 79' lang='lat' dir='ltr'>Sabdiuogio</span> 
     </span>
    </p>
   </div>
   <div class='ocr_carea' id='block_1_3' title="bbox 463 1417 1528 1534">
    <p class='ocr_par' dir='ltr' id='par_1_3' title="bbox 463 1417 1528 1534">
     <span class='ocr_line' id='line_1_6' title="bbox 463 1417 1528 1534; baseline -0.008 -18"><span class='ocrx_word' id='word_1_40' title='bbox 463 1441 501 1518; x_wconf 88' lang='lat' dir='ltr'>et</span> <span class='ocrx_word' id='word_1_41' title='bbox 518 1427 637 1518; x_wconf 87' lang='lat' dir='ltr'>Petro</span> <span class='ocrx_word' id='word_1_42' title='bbox 660 1424 900 1534; x_wconf 88' lang='lat' dir='ltr'>Clawconis,</span> <span class='ocrx_word' id='word_1_43' title='bbox 931 1423 1127 1514; x_wconf 86' lang='lat' dir='ltr'>canonicis</span> <span class='ocrx_word' id='word_1_44' title='bbox 1148 1417 1528 1512; x_wconf 87' lang='lat' dir='ltr'>wladislauiensibus.</span> 
     </span>
    </p>
   </div>
   <div class='ocr_carea' id='block_1_4' title="bbox 653 1955 1909 2270">
    <p class='ocr_par' dir='ltr' id='par_1_4' title="bbox 653 1955 1909 2270">
     <span class='ocr_line' id='line_1_7' title="bbox 653 1955 1909 2066; baseline -0.003 -18"><span class='ocrx_word' id='word_1_45' title='bbox 653 1963 932 2056; x_wconf 64' lang='lat' dir='ltr'>anconae,</span> <span class='ocrx_word' id='word_1_46' title='bbox 959 1977 1115 2047; x_wconf 78' lang='lat' dir='ltr'>omno</span> <span class='ocrx_word' id='word_1_47' title='bbox 1140 1957 1291 2046; x_wconf 73' lang='lat'>1428</span> <span class='ocrx_word' id='word_1_48' title='bbox 1317 1959 1411 2044; x_wconf 80' lang='lat' dir='ltr'>dte</span> <span class='ocrx_word' id='word_1_49' title='bbox 1435 1955 1501 2041; x_wconf 70' lang='lat'>12</span> <span class='ocrx_word' id='word_1_50' title='bbox 1526 1957 1727 2044; x_wconf 73' lang='lat' dir='ltr'>menete</span> <span class='ocrx_word' id='word_1_51' title='bbox 1751 1959 1909 2066; x_wconf 69' lang='lat' dir='ltr'>Moti.</span> 
     </span>
     <span class='ocr_line' id='line_1_8' title="bbox 699 2143 1863 2270; baseline -0.007 -51"><span class='ocrx_word' id='word_1_52' title='bbox 699 2147 786 2219; x_wconf 76' lang='lat' dir='ltr'>litus</span> <span class='ocrx_word' id='word_1_53' title='bbox 800 2146 840 2218; x_wconf 84' lang='lat' dir='ltr'>tle</span> <span class='ocrx_word' id='word_1_54' title='bbox 854 2145 983 2218; x_wconf 78' lang='lat' dir='ltr'>lectuls</span> <span class='ocrx_word' id='word_1_55' title='bbox 996 2145 1142 2218; x_wconf 74' lang='lat' dir='ltr'>villarum</span> <span class='ocrx_word' id='word_1_56' title='bbox 1158 2143 1276 2270; x_wconf 73' lang='lat' dir='ltr'>Soettoo</span> <span class='ocrx_word' id='word_1_57' title='bbox 1290 2145 1325 2218; x_wconf 85' lang='lat' dir='ltr'>ct</span> <span class='ocrx_word' id='word_1_58' title='bbox 1343 2143 1863 2233; x_wconf 61' lang='lat' dir='ltr'>coenomanensem).</span> 
     </span>
    </p>
   </div>
   <div class='ocr_carea' id='block_1_5' title="bbox 463 2271 2094 2673">
    <p class='ocr_par' dir='ltr' id='par_1_5' title="bbox 463 2271 2094 2673">
     <span class='ocr_line' id='line_1_9' title="bbox 472 2271 2094 2434; baseline 0 -28"><span class='ocrx_word' id='word_1_59' title='bbox 472 2371 476 2380; x_wconf 92' lang='lat'>·</span> <span class='ocrx_word' id='word_1_60' title='bbox 564 2317 608 2406; x_wconf 93' lang='lat' dir='ltr'>ln</span> <span class='ocrx_word' id='word_1_61' title='bbox 627 2319 777 2416; x_wconf 84' lang='lat' dir='ltr'>nomine</span> <span class='ocrx_word' id='word_1_62' title='bbox 799 2281 955 2422; x_wconf 87' lang='lat' dir='ltr'>domini,</span> <span class='ocrx_word' id='word_1_63' title='bbox 976 2345 1099 2405; x_wconf 90' lang='lat' dir='ltr'>amen.</span> <span class='ocrx_word' id='word_1_64' title='bbox 1140 2315 1221 2404; x_wconf 91' lang='lat' dir='ltr'>Sub</span> <span class='ocrx_word' id='word_1_65' title='bbox 1241 2345 1342 2423; x_wconf 81' lang='lat' dir='ltr'>auno</span> <span class='ocrx_word' id='word_1_66' title='bbox 1363 2315 1564 2408; x_wconf 86' lang='lat' dir='ltr'>natiuitatis</span> <span class='ocrx_word' id='word_1_67' title='bbox 1585 2313 1750 2428; x_wconf 84' lang='lat' dir='ltr'>eiusdem</span> <span class='ocrx_word' id='word_1_68' title='bbox 1778 2271 1975 2404; x_wconf 86' lang='lat' dir='ltr'>millesimo</span> <span class='ocrx_word' id='word_1_69' title='bbox 1998 2345 2094 2434; x_wconf 90' lang='lat' dir='ltr'>qua·</span> 
     </span>
     <span class='ocr_line' id='line_1_10' title="bbox 463 2432 2094 2558; baseline -0.001 -32"><span class='ocrx_word' id='word_1_70' title='bbox 463 2438 760 2558; x_wconf 81' lang='lat' dir='ltr'>dringentesimo</span> <span class='ocrx_word' id='word_1_71' title='bbox 780 2437 959 2526; x_wconf 88' lang='lat' dir='ltr'>vicesimo</span> <span class='ocrx_word' id='word_1_72' title='bbox 984 2449 1142 2540; x_wconf 87' lang='lat' dir='ltr'>octauo,</span> <span class='ocrx_word' id='word_1_73' title='bbox 1174 2433 1362 2522; x_wconf 89' lang='lat' dir='ltr'>iudicione</span> <span class='ocrx_word' id='word_1_74' title='bbox 1391 2449 1519 2540; x_wconf 84' lang='lat' dir='ltr'>sexta,</span> <span class='ocrx_word' id='word_1_75' title='bbox 1549 2433 1789 2552; x_wconf 89' lang='lat' dir='ltr'>pontilicatus</span> <span class='ocrx_word' id='word_1_76' title='bbox 1809 2432 2034 2524; x_wconf 78' lang='lat' dir='ltr'>sanctissimi</span> <span class='ocrx_word' id='word_1_77' title='bbox 2056 2437 2094 2524; x_wconf 90' lang='lat' dir='ltr'>in</span> 
     </span>
     <span class='ocr_line' id='line_1_11' title="bbox 466 2550 2092 2673; baseline -0.004 -27"><span class='ocrx_word' id='word_1_78' title='bbox 466 2556 621 2647; x_wconf 88' lang='lat' dir='ltr'>Christo</span> <span class='ocrx_word' id='word_1_79' title='bbox 643 2559 761 2673; x_wconf 86' lang='lat' dir='ltr'>patris</span> <span class='ocrx_word' id='word_1_80' title='bbox 787 2570 822 2644; x_wconf 89' lang='lat' dir='ltr'>et</span> <span class='ocrx_word' id='word_1_81' title='bbox 844 2553 984 2652; x_wconf 88' lang='lat' dir='ltr'>domini</span> <span class='ocrx_word' id='word_1_82' title='bbox 1013 2553 1150 2660; x_wconf 85' lang='lat' dir='ltr'>nostri,</span> <span class='ocrx_word' id='word_1_83' title='bbox 1178 2551 1316 2654; x_wconf 85' lang='lat' dir='ltr'>domiui</span> <span class='ocrx_word' id='word_1_84' title='bbox 1343 2550 1514 2660; x_wconf 90' lang='lat' dir='ltr'>Martini,</span> <span class='ocrx_word' id='word_1_85' title='bbox 1544 2552 1670 2642; x_wconf 90' lang='lat' dir='ltr'>diuina</span> <span class='ocrx_word' id='word_1_86' title='bbox 1704 2551 1952 2671; x_wconf 89' lang='lat' dir='ltr'>prouidencia</span> <span class='ocrx_word' id='word_1_87' title='bbox 1984 2553 2092 2671; x_wconf 89' lang='lat' dir='ltr'>Pape</span> 
     </span>
    </p>
   </div>
   <div class='ocr_carea' id='block_1_6' title="bbox 299 2667 2091 2806">
    <p class='ocr_par' dir='ltr' id='par_1_6' title="bbox 299 2667 2091 2806">
     <span class='ocr_line' id='line_1_12' title="bbox 299 2667 2091 2806; baseline -0.001 -47"><span class='ocrx_word' id='word_1_88' title='bbox 299 2741 304 2750; x_wconf 90' lang='lat'>.</span> <span class='ocrx_word' id='word_1_89' title='bbox 377 2683 383 2690; x_wconf 87' lang='lat'>&#39;</span> <span class='ocrx_word' id='word_1_90' title='bbox 464 2676 582 2788; x_wconf 89' lang='lat' dir='ltr'>quinti</span> <span class='ocrx_word' id='word_1_91' title='bbox 600 2704 701 2764; x_wconf 88' lang='lat' dir='ltr'>anno</span> <span class='ocrx_word' id='word_1_92' title='bbox 722 2670 937 2776; x_wconf 89' lang='lat' dir='ltr'>undecimo,</span> <span class='ocrx_word' id='word_1_93' title='bbox 968 2671 1030 2760; x_wconf 91' lang='lat' dir='ltr'>die</span> <span class='ocrx_word' id='word_1_94' title='bbox 1050 2701 1143 2760; x_wconf 91' lang='lat' dir='ltr'>vero</span> <span class='ocrx_word' id='word_1_95' title='bbox 1170 2669 1278 2758; x_wconf 87' lang='lat' dir='ltr'>Luna</span> <span class='ocrx_word' id='word_1_96' title='bbox 1305 2669 1452 2760; x_wconf 88' lang='lat' dir='ltr'>decima</span> <span class='ocrx_word' id='word_1_97' title='bbox 1487 2671 1645 2788; x_wconf 89' lang='lat' dir='ltr'>septima</span> <span class='ocrx_word' id='word_1_98' title='bbox 1682 2671 1821 2760; x_wconf 85' lang='lat' dir='ltr'>mensis</span> <span class='ocrx_word' id='word_1_99' title='bbox 1854 2667 1963 2806; x_wconf 75' lang='lat' dir='ltr'>Maii,</span> <span class='ocrx_word' id='word_1_100' title='bbox 1995 2669 2091 2758; x_wconf 90' lang='lat' dir='ltr'>hora</span> 
     </span>
    </p>
   </div>
   <div class='ocr_carea' id='block_1_7' title="bbox 462 2773 2093 4678">
    <p class='ocr_par' dir='ltr' id='par_1_7' title="bbox 462 2773 2093 4678">
     <span class='ocr_line' id='line_1_13' title="bbox 465 2773 2091 2908; baseline -0.004 -26"><span class='ocrx_word' id='word_1_101' title='bbox 465 2823 685 2908; x_wconf 90' lang='lat' dir='ltr'>vesperum,</span> <span class='ocrx_word' id='word_1_102' title='bbox 713 2793 749 2880; x_wconf 92' lang='lat' dir='ltr'>in</span> <span class='ocrx_word' id='word_1_103' title='bbox 770 2789 851 2878; x_wconf 90' lang='lat' dir='ltr'>sala</span> <span class='ocrx_word' id='word_1_104' title='bbox 869 2789 1004 2880; x_wconf 91' lang='lat' dir='ltr'>domus</span> <span class='ocrx_word' id='word_1_105' title='bbox 1025 2789 1264 2896; x_wconf 75' lang='lat' dir='ltr'>uenerabilis</span> <span class='ocrx_word' id='word_1_106' title='bbox 1285 2773 1352 2878; x_wconf 86' lang='lat' dir='ltr'>viri</span> <span class='ocrx_word' id='word_1_107' title='bbox 1367 2789 1511 2878; x_wconf 61' lang='lat' dir='ltr'>&#39;domini</span> <span class='ocrx_word' id='word_1_108' title='bbox 1532 2789 1731 2878; x_wconf 77' lang='lat' dir='ltr'>Benedicti</span> <span class='ocrx_word' id='word_1_109' title='bbox 1760 2790 1929 2885; x_wconf 75' lang='lat' dir='ltr'>canonice</span> <span class='ocrx_word' id='word_1_110' title='bbox 1951 2803 1986 2878; x_wconf 89' lang='lat' dir='ltr'>et</span> <span class='ocrx_word' id='word_1_111' title='bbox 2007 2787 2091 2878; x_wconf 86' lang='lat' dir='ltr'>olfi-</span> 
     </span>
     <span class='ocr_line' id='line_1_14' title="bbox 465 2905 2088 3027; baseline -0.002 -28"><span class='ocrx_word' id='word_1_112' title='bbox 465 2909 578 3010; x_wconf 74' lang='lat' dir='ltr'>ciclis,</span> <span class='ocrx_word' id='word_1_113' title='bbox 588 2910 817 3027; x_wconf 79' lang='lat' dir='ltr'>gneznensis</span> <span class='ocrx_word' id='word_1_114' title='bbox 830 2909 907 3008; x_wconf 82' lang='lat' dir='ltr'>site</span> <span class='ocrx_word' id='word_1_115' title='bbox 928 2909 964 2996; x_wconf 92' lang='lat' dir='ltr'>in</span> <span class='ocrx_word' id='word_1_116' title='bbox 985 2937 1131 2999; x_wconf 91' lang='lat' dir='ltr'>surnmo</span> <span class='ocrx_word' id='word_1_117' title='bbox 1163 2909 1387 3026; x_wconf 80' lang='lat' dir='ltr'>gneznensi:</span> <span class='ocrx_word' id='word_1_118' title='bbox 1420 2909 1457 2996; x_wconf 91' lang='lat' dir='ltr'>in</span> <span class='ocrx_word' id='word_1_119' title='bbox 1479 2910 1562 3012; x_wconf 90' lang='lat' dir='ltr'>mei,</span> <span class='ocrx_word' id='word_1_120' title='bbox 1582 2905 1731 3024; x_wconf 86' lang='lat' dir='ltr'>Notarii</span> <span class='ocrx_word' id='word_1_121' title='bbox 1751 2907 1898 3025; x_wconf 79' lang='lat' dir='ltr'>publici,</span> <span class='ocrx_word' id='word_1_122' title='bbox 1919 2908 2088 2998; x_wconf 88' lang='lat' dir='ltr'>testium·</span> 
     </span>
     <span class='ocr_line' id='line_1_15' title="bbox 466 3024 2093 3148; baseline -0.001 -32"><span class='ocrx_word' id='word_1_123' title='bbox 466 3058 540 3148; x_wconf 91' lang='lat' dir='ltr'>que</span> <span class='ocrx_word' id='word_1_124' title='bbox 558 3029 885 3147; x_wconf 79' lang='lat' dir='ltr'>infrascriptorum&#39;</span> <span class='ocrx_word' id='word_1_125' title='bbox 905 3025 956 3114; x_wconf 90' lang='lat' dir='ltr'>ad</span> <span class='ocrx_word' id='word_1_126' title='bbox 985 3024 1059 3116; x_wconf 89' lang='lat' dir='ltr'>hoc</span> <span class='ocrx_word' id='word_1_127' title='bbox 1086 3041 1317 3136; x_wconf 86' lang='lat' dir='ltr'>vocatorum¹</span> <span class='ocrx_word' id='word_1_128' title='bbox 1336 3042 1375 3115; x_wconf 88' lang='lat' dir='ltr'>et</span> <span class='ocrx_word' id='word_1_129' title='bbox 1401 3041 1644 3146; x_wconf 81' lang='lat' dir='ltr'>rogatorum,</span> <span class='ocrx_word' id='word_1_130' title='bbox 1672 3028 1871 3146; x_wconf 81' lang='lat' dir='ltr'>presencia</span> <span class='ocrx_word' id='word_1_131' title='bbox 1903 3025 2093 3116; x_wconf 88' lang='lat' dir='ltr'>constituti</span> 
     </span>
     <span class='ocr_line' id='line_1_16' title="bbox 464 3143 2091 3262; baseline -0.002 -28"><span class='ocrx_word' id='word_1_132' title='bbox 464 3147 712 3262; x_wconf 75' lang='lat' dir='ltr'>personaliter</span> <span class='ocrx_word' id='word_1_133' title='bbox 742 3144 984 3235; x_wconf 86' lang='lat' dir='ltr'>honorabiles</span> <span class='ocrx_word' id='word_1_134' title='bbox 1012 3143 1294 3254; x_wconf 85' lang='lat' dir='ltr'>viri,·domini:</span> <span class='ocrx_word' id='word_1_135' title='bbox 1321 3145 1493 3234; x_wconf 80' lang='lat' dir='ltr'>lacobus</span> <span class='ocrx_word' id='word_1_136' title='bbox 1514 3147 1550 3237; x_wconf 90' lang='lat' dir='ltr'>iu</span> <span class='ocrx_word' id='word_1_137' title='bbox 1570 3151 1713 3234; x_wconf 86' lang='lat' dir='ltr'>Sodlno</span> <span class='ocrx_word' id='word_1_138' title='bbox 1734 3175 1782 3231; x_wconf 84' lang='lat' dir='ltr'>ex</span> <span class='ocrx_word' id='word_1_139' title='bbox 1803 3173 1895 3243; x_wconf 83' lang='lat' dir='ltr'>una,</span> <span class='ocrx_word' id='word_1_140' title='bbox 1928 3160 1965 3232; x_wconf 86' lang='lat' dir='ltr'>et</span> <span class='ocrx_word' id='word_1_141' title='bbox 1983 3143 2091 3230; x_wconf 88' lang='lat' dir='ltr'>Heu·</span> 
     </span>
     <span class='ocr_line' id='line_1_17' title="bbox 462 3261 2090 3380; baseline -0.002 -28"><span class='ocrx_word' id='word_1_142' title='bbox 462 3267 566 3354; x_wconf 88' lang='lat' dir='ltr'>ricus</span> <span class='ocrx_word' id='word_1_143' title='bbox 584 3266 620 3352; x_wconf 93' lang='lat' dir='ltr'>in</span> <span class='ocrx_word' id='word_1_144' title='bbox 638 3271 915 3370; x_wconf 71' lang='lat' dir='ltr'>Brour’rclreron</span> <span class='ocrx_word' id='word_1_145' title='bbox 932 3263 1177 3352; x_wconf 89' lang='lat' dir='ltr'>ecclesiarum</span> <span class='ocrx_word' id='word_1_146' title='bbox 1192 3263 1460 3380; x_wconf 88' lang='lat' dir='ltr'>parochialium</span> <span class='ocrx_word' id='word_1_147' title='bbox 1476 3279 1659 3358; x_wconf 66' lang='lat' dir='ltr'>rectores,</span> <span class='ocrx_word' id='word_1_148' title='bbox 1675 3263 1988 3368; x_wconf 83' lang='lat' dir='ltr'>wladislauiensis</span> <span class='ocrx_word' id='word_1_149' title='bbox 2008 3261 2090 3350; x_wconf 91' lang='lat' dir='ltr'>dio-</span> 
     </span>
     <span class='ocr_line' id='line_1_18' title="bbox 464 3382 2088 3502; baseline -0.003 -30"><span class='ocrx_word' id='word_1_150' title='bbox 464 3385 564 3472; x_wconf 89' lang='lat' dir='ltr'>cesis</span> <span class='ocrx_word' id='word_1_151' title='bbox 611 3399 694 3482; x_wconf 77' lang='lat' dir='ltr'>orte,</span> <span class='ocrx_word' id='word_1_152' title='bbox 711 3415 759 3474; x_wconf 89' lang='lat' dir='ltr'>ex</span> <span class='ocrx_word' id='word_1_153' title='bbox 779 3383 914 3488; x_wconf 88' lang='lat' dir='ltr'>altera,</span> <span class='ocrx_word' id='word_1_154' title='bbox 945 3382 1116 3472; x_wconf 86' lang='lat' dir='ltr'>volentes</span> <span class='ocrx_word' id='word_1_155' title='bbox 1137 3385 1406 3500; x_wconf 72' lang='lat' dir='ltr'>controuersiis</span> <span class='ocrx_word' id='word_1_156' title='bbox 1426 3413 1474 3472; x_wconf 89' lang='lat' dir='ltr'>ac</span> <span class='ocrx_word' id='word_1_157' title='bbox 1495 3382 1634 3490; x_wconf 89' lang='lat' dir='ltr'>litibus,</span> <span class='ocrx_word' id='word_1_158' title='bbox 1665 3415 1739 3502; x_wconf 89' lang='lat' dir='ltr'>que</span> <span class='ocrx_word' id='word_1_159' title='bbox 1760 3384 1855 3470; x_wconf 91' lang='lat' dir='ltr'>inter</span> <span class='ocrx_word' id='word_1_160' title='bbox 1875 3383 1979 3500; x_wconf 90' lang='lat' dir='ltr'>ipsas</span> <span class='ocrx_word' id='word_1_161' title='bbox 1998 3410 2088 3497; x_wconf 90' lang='lat' dir='ltr'>par·</span> 
     </span>
     <span class='ocr_line' id='line_1_19' title="bbox 465 3415 2091 3621; baseline 0.001 -33"><span class='ocrx_word' id='word_1_162' title='bbox 465 3517 540 3606; x_wconf 90' lang='lat' dir='ltr'>tes,</span> <span class='ocrx_word' id='word_1_163' title='bbox 571 3415 621 3588; x_wconf 67' lang='lat' dir='ltr'>tle</span> <span class='ocrx_word' id='word_1_164' title='bbox 640 3517 678 3590; x_wconf 92' lang='lat' dir='ltr'>et</span> <span class='ocrx_word' id='word_1_165' title='bbox 697 3533 812 3620; x_wconf 88' lang='lat' dir='ltr'>super</span> <span class='ocrx_word' id='word_1_166' title='bbox 832 3500 989 3590; x_wconf 85' lang='lat' dir='ltr'>decimis</span> <span class='ocrx_word' id='word_1_167' title='bbox 1011 3500 1304 3618; x_wconf 88' lang='lat' dir='ltr'>manipularibus</span> <span class='ocrx_word' id='word_1_168' title='bbox 1325 3515 1362 3588; x_wconf 89' lang='lat' dir='ltr'>et</span> <span class='ocrx_word' id='word_1_169' title='bbox 1383 3501 1659 3618; x_wconf 83' lang='lat' dir='ltr'>campestrihus</span> <span class='ocrx_word' id='word_1_170' title='bbox 1680 3501 1729 3588; x_wconf 88' lang='lat' dir='ltr'>de</span> <span class='ocrx_word' id='word_1_171' title='bbox 1750 3501 1856 3621; x_wconf 78' lang='lat' dir='ltr'>agris</span> <span class='ocrx_word' id='word_1_172' title='bbox 1877 3501 2091 3590; x_wconf 89' lang='lat' dir='ltr'>consisten-</span> 
     </span>
     <span class='ocr_line' id='line_1_20' title="bbox 466 3615 2091 3738; baseline 0.004 -36"><span class='ocrx_word' id='word_1_173' title='bbox 466 3617 562 3706; x_wconf 84' lang='lat' dir='ltr'>ribus·</span> <span class='ocrx_word' id='word_1_174' title='bbox 582 3619 807 3737; x_wconf 81' lang='lat' dir='ltr'>intersigna</span> <span class='ocrx_word' id='word_1_175' title='bbox 828 3620 978 3720; x_wconf 80' lang='lat' dir='ltr'>inferius</span> <span class='ocrx_word' id='word_1_176' title='bbox 999 3621 1035 3707; x_wconf 92' lang='lat' dir='ltr'>iu</span> <span class='ocrx_word' id='word_1_177' title='bbox 1055 3623 1249 3708; x_wconf 86' lang='lat' dir='ltr'>sentencia</span> <span class='ocrx_word' id='word_1_178' title='bbox 1270 3620 1435 3713; x_wconf 84' lang='lat' dir='ltr'>arbitrali</span> <span class='ocrx_word' id='word_1_179' title='bbox 1452 3621 1655 3736; x_wconf 87' lang='lat' dir='ltr'>descripta,</span> <span class='ocrx_word' id='word_1_180' title='bbox 1678 3650 1775 3738; x_wconf 90' lang='lat' dir='ltr'>quos</span> <span class='ocrx_word' id='word_1_181' title='bbox 1798 3619 1926 3708; x_wconf 85' lang='lat' dir='ltr'>colunt</span> <span class='ocrx_word' id='word_1_182' title='bbox 1941 3615 2091 3709; x_wconf 87' lang='lat' dir='ltr'>nobiles</span> 
     </span>
     <span class='ocr_line' id='line_1_21' title="bbox 465 3731 2092 3856; baseline 0.002 -32"><span class='ocrx_word' id='word_1_183' title='bbox 465 3749 503 3824; x_wconf 94' lang='lat' dir='ltr'>et</span> <span class='ocrx_word' id='word_1_184' title='bbox 522 3734 640 3855; x_wconf 78' lang='lat' dir='ltr'>eciem</span> <span class='ocrx_word' id='word_1_185' title='bbox 671 3735 901 3824; x_wconf 82' lang='lat' dir='ltr'>hmethones&#39;</span> <span class='ocrx_word' id='word_1_186' title='bbox 922 3736 973 3822; x_wconf 93' lang='lat' dir='ltr'>ad</span> <span class='ocrx_word' id='word_1_187' title='bbox 1002 3737 1171 3826; x_wconf 83' lang='lat' dir='ltr'>dextram</span> <span class='ocrx_word' id='word_1_188' title='bbox 1201 3739 1545 3856; x_wconf 79' lang='lat' dir='ltr'>partemuillarum</span> <span class='ocrx_word' id='word_1_189' title='bbox 1574 3744 1716 3824; x_wconf 86' lang='lat' dir='ltr'>Sodlno</span> <span class='ocrx_word' id='word_1_190' title='bbox 1747 3753 1783 3826; x_wconf 92' lang='lat' dir='ltr'>et</span> <span class='ocrx_word' id='word_1_191' title='bbox 1807 3731 1998 3828; x_wconf 79' lang='lat' dir='ltr'>Cllebouo</span> <span class='ocrx_word' id='word_1_192' title='bbox 2020 3733 2092 3852; x_wconf 51' lang='grc' dir='ltr'>(Ξ),</span> 
     </span>
     <span class='ocr_line' id='line_1_22' title="bbox 464 3853 2092 3974; baseline 0.002 -34"><span class='ocrx_word' id='word_1_193' title='bbox 464 3853 599 3950; x_wconf 79' lang='lat' dir='ltr'>tamin</span> <span class='ocrx_word' id='word_1_194' title='bbox 619 3853 919 3966; x_wconf 72' lang='lat' dir='ltr'>ouria‘romana,</span> <span class='ocrx_word' id='word_1_195' title='bbox 951 3879 1063 3966; x_wconf 91' lang='lat' dir='ltr'>quaro</span> <span class='ocrx_word' id='word_1_196' title='bbox 1094 3870 1200 3962; x_wconf 67' lang='lat' dir='ltr'>entra</span> <span class='ocrx_word' id='word_1_197' title='bbox 1220 3856 1498 3950; x_wconf 88' lang='lat' dir='ltr'>vertebanntur</span> <span class='ocrx_word' id='word_1_198' title='bbox 1520 3857 1614 3968; x_wconf 85' lang='lat' dir='ltr'>(sic),</span> <span class='ocrx_word' id='word_1_199' title='bbox 1636 3885 1685 3944; x_wconf 92' lang='lat' dir='ltr'>ac</span> <span class='ocrx_word' id='word_1_200' title='bbox 1708 3857 1803 3944; x_wconf 88' lang='lat' dir='ltr'>verti</span> <span class='ocrx_word' id='word_1_201' title='bbox 1827 3871 1863 3944; x_wconf 88' lang='lat' dir='ltr'>et</span> <span class='ocrx_word' id='word_1_202' title='bbox 1886 3887 1975 3946; x_wconf 88' lang='lat' dir='ltr'>esse</span> <span class='ocrx_word' id='word_1_203' title='bbox 1999 3883 2092 3974; x_wconf 83' lang='lat' dir='ltr'>pos·</span> 
     </span>
     <span class='ocr_line' id='line_1_23' title="bbox 463 3968 2091 4090; baseline 0.001 -31"><span class='ocrx_word' id='word_1_204' title='bbox 463 3987 569 4074; x_wconf 89' lang='lat' dir='ltr'>sent,</span> <span class='ocrx_word' id='word_1_205' title='bbox 606 3968 717 4070; x_wconf 88' lang='lat' dir='ltr'>linem</span> <span class='ocrx_word' id='word_1_206' title='bbox 746 3973 958 4088; x_wconf 79' lang='lat' dir='ltr'>imponere,</span> <span class='ocrx_word' id='word_1_207' title='bbox 1000 3974 1290 4082; x_wconf 83' lang='lat' dir='ltr'>renuncciantes</span> <span class='ocrx_word' id='word_1_208' title='bbox 1328 3973 1411 4090; x_wconf 90' lang='lat' dir='ltr'>(sic)</span> <span class='ocrx_word' id='word_1_209' title='bbox 1430 3987 1479 4089; x_wconf 61' lang='lat' dir='ltr'>net</span> <span class='ocrx_word' id='word_1_210' title='bbox 1507 3973 1729 4073; x_wconf 85' lang='lat' dir='ltr'>recedentes</span> <span class='ocrx_word' id='word_1_211' title='bbox 1760 3969 1917 4090; x_wconf 88' lang='lat' dir='ltr'>predicti</span> <span class='ocrx_word' id='word_1_212' title='bbox 1950 3969 2091 4062; x_wconf 89' lang='lat' dir='ltr'>domiui</span> 
     </span>
     <span class='ocr_line' id='line_1_24' title="bbox 462 4087 2086 4210; baseline 0.002 -36"><span class='ocrx_word' id='word_1_213' title='bbox 462 4087 654 4186; x_wconf 87' lang='lat' dir='ltr'>Henricus</span> <span class='ocrx_word' id='word_1_214' title='bbox 672 4117 699 4174; x_wconf 87' lang='lat' dir='ltr'>a</span> <span class='ocrx_word' id='word_1_215' title='bbox 718 4091 920 4204; x_wconf 87' lang='lat' dir='ltr'>sentencijs</span> <span class='ocrx_word' id='word_1_216' title='bbox 949 4089 1115 4197; x_wconf 89' lang='lat' dir='ltr'>duabus,</span> <span class='ocrx_word' id='word_1_217' title='bbox 1148 4091 1289 4191; x_wconf 69' lang='lat' dir='ltr'>tamin</span> <span class='ocrx_word' id='word_1_218' title='bbox 1316 4091 1453 4210; x_wconf 88' lang='lat' dir='ltr'>prima,</span> <span class='ocrx_word' id='word_1_219' title='bbox 1486 4122 1598 4210; x_wconf 87' lang='lat' dir='ltr'>quum</span> <span class='ocrx_word' id='word_1_220' title='bbox 1627 4095 1663 4183; x_wconf 90' lang='lat' dir='ltr'>in</span> <span class='ocrx_word' id='word_1_221' title='bbox 1691 4090 1862 4182; x_wconf 89' lang='lat' dir='ltr'>secunda</span> <span class='ocrx_word' id='word_1_222' title='bbox 1891 4091 2086 4208; x_wconf 84' lang='lat' dir='ltr'>instancijs</span> 
     </span>
     <span class='ocr_line' id='line_1_25' title="bbox 464 4205 2088 4330; baseline 0 -34"><span class='ocrx_word' id='word_1_223' title='bbox 464 4222 601 4325; x_wconf 89' lang='lat' dir='ltr'>pro&#39;co</span> <span class='ocrx_word' id='word_1_224' title='bbox 622 4205 725 4312; x_wconf 86' lang='lat' dir='ltr'>latis,</span> <span class='ocrx_word' id='word_1_225' title='bbox 756 4222 794 4296; x_wconf 91' lang='lat' dir='ltr'>et</span> <span class='ocrx_word' id='word_1_226' title='bbox 811 4206 981 4312; x_wconf 83' lang='lat' dir='ltr'>lacobus</span> <span class='ocrx_word' id='word_1_227' title='bbox 1001 4207 1340 4326; x_wconf 75' lang='lat' dir='ltr'>abjappellacione¹</span> <span class='ocrx_word' id='word_1_228' title='bbox 1359 4209 1410 4298; x_wconf 91' lang='lat' dir='ltr'>ad</span> <span class='ocrx_word' id='word_1_229' title='bbox 1430 4209 1562 4298; x_wconf 90' lang='lat' dir='ltr'>sedem</span> <span class='ocrx_word' id='word_1_230' title='bbox 1591 4211 1841 4330; x_wconf 89' lang='lat' dir='ltr'>apostolicam</span> <span class='ocrx_word' id='word_1_231' title='bbox 1861 4208 2088 4322; x_wconf 86' lang='lat' dir='ltr'>aliasinter·</span> 
     </span>
     <span class='ocr_line' id='line_1_26' title="bbox 464 4325 2092 4448; baseline -0.001 -33"><span class='ocrx_word' id='word_1_232' title='bbox 464 4325 605 4442; x_wconf 81' lang='lat' dir='ltr'>posita,</span> <span class='ocrx_word' id='word_1_233' title='bbox 635 4325 808 4416; x_wconf 86' lang='lat' dir='ltr'>omuibus</span> <span class='ocrx_word' id='word_1_234' title='bbox 828 4325 1042 4415; x_wconf 88' lang='lat' dir='ltr'>melioribus</span> <span class='ocrx_word' id='word_1_235' title='bbox 1062 4327 1196 4432; x_wconf 88' lang='lat' dir='ltr'>modo,</span> <span class='ocrx_word' id='word_1_236' title='bbox 1217 4329 1435 4440; x_wconf 12' lang='lat' dir='ltr'>primiano</span> <span class='ocrx_word' id='word_1_237' title='bbox 1457 4345 1494 4420; x_wconf 87' lang='lat' dir='ltr'>et</span> <span class='ocrx_word' id='word_1_238' title='bbox 1514 4330 1654 4436; x_wconf 86' lang='lat' dir='ltr'>lorma,</span> <span class='ocrx_word' id='word_1_239' title='bbox 1676 4329 1812 4447; x_wconf 90' lang='lat' dir='ltr'>quibus</span> <span class='ocrx_word' id='word_1_240' title='bbox 1834 4343 2032 4448; x_wconf 89' lang='lat' dir='ltr'>potuerunt</span> <span class='ocrx_word' id='word_1_241' title='bbox 2053 4342 2092 4431; x_wconf 83' lang='lat' dir='ltr'>et</span> 
     </span>
     <span class='ocr_line' id='line_1_27' title="bbox 464 4433 2090 4565; baseline 0.004 -37"><span class='ocrx_word' id='word_1_242' title='bbox 464 4442 691 4548; x_wconf 88' lang='lat' dir='ltr'>debuerunt,</span> <span class='ocrx_word' id='word_1_243' title='bbox 721 4445 890 4532; x_wconf 91' lang='lat' dir='ltr'>lecerunt</span> <span class='ocrx_word' id='word_1_244' title='bbox 914 4459 1051 4561; x_wconf 89' lang='lat' dir='ltr'>sponte</span> <span class='ocrx_word' id='word_1_245' title='bbox 1078 4461 1114 4532; x_wconf 93' lang='lat' dir='ltr'>et</span> <span class='ocrx_word' id='word_1_246' title='bbox 1134 4445 1260 4550; x_wconf 81' lang='lat' dir='ltr'>libere,</span> <span class='ocrx_word' id='word_1_247' title='bbox 1290 4443 1339 4532; x_wconf 88' lang='lat' dir='ltr'>de</span> <span class='ocrx_word' id='word_1_248' title='bbox 1359 4445 1436 4534; x_wconf 94' lang='lat' dir='ltr'>alto</span> <span class='ocrx_word' id='word_1_249' title='bbox 1457 4462 1493 4534; x_wconf 93' lang='lat' dir='ltr'>et</span> <span class='ocrx_word' id='word_1_250' title='bbox 1514 4447 1650 4556; x_wconf 89' lang='lat' dir='ltr'>basso,</span> <span class='ocrx_word' id='word_1_251' title='bbox 1682 4447 1897 4565; x_wconf 91' lang='lat' dir='ltr'>simpliciter</span> <span class='ocrx_word' id='word_1_252' title='bbox 1917 4458 1952 4534; x_wconf 90' lang='lat' dir='ltr'>et</span> <span class='ocrx_word' id='word_1_253' title='bbox 1974 4433 2011 4532; x_wconf 91' lang='lat' dir='ltr'>in</span> <span class='ocrx_word' id='word_1_254' title='bbox 2034 4459 2090 4535; x_wconf 90' lang='lat' dir='ltr'>to·</span> 
     </span>
     <span class='ocr_line' id='line_1_28' title="bbox 464 4562 2092 4678; baseline 0.002 -30"><span class='ocrx_word' id='word_1_255' title='bbox 464 4564 897 4678; x_wconf 85' lang='lat' dir='ltr'>turncompromisorunt</span> <span class='ocrx_word' id='word_1_256' title='bbox 928 4565 964 4649; x_wconf 88' lang='lat' dir='ltr'>in</span> <span class='ocrx_word' id='word_1_257' title='bbox 991 4563 1240 4652; x_wconf 78' lang='lat' dir='ltr'>uenerabiles</span> <span class='ocrx_word' id='word_1_258' title='bbox 1280 4566 1403 4672; x_wconf 87' lang='lat' dir='ltr'>virus,</span> <span class='ocrx_word' id='word_1_259' title='bbox 1435 4563 1629 4655; x_wconf 90' lang='lat' dir='ltr'>dominos:</span> <span class='ocrx_word' id='word_1_260' title='bbox 1670 4565 1864 4656; x_wconf 89' lang='lat' dir='ltr'>Albricum</span> <span class='ocrx_word' id='word_1_261' title='bbox 1892 4562 2092 4654; x_wconf 86' lang='lat' dir='ltr'>Archidiu·</span> 
     </span>
    </p>
   </div>
   <div class='ocr_carea' id='block_1_8' title="bbox 566 4743 2000 4953">
    <p class='ocr_par' dir='ltr' id='par_1_8' title="bbox 566 4743 2000 4953">
     <span class='ocr_line' id='line_1_29' title="bbox 566 4743 1950 4868; baseline 0.004 -26"><span class='ocrx_word' id='word_1_262' title='bbox 566 4777 607 4860; x_wconf 77' lang='lat' dir='ltr'>(u</span> <span class='ocrx_word' id='word_1_263' title='bbox 633 4779 680 4842; x_wconf 68' lang='lat' dir='ltr'>nx</span> <span class='ocrx_word' id='word_1_264' title='bbox 694 4777 854 4864; x_wconf 57' lang='lat' dir='ltr'>ascenso</span> <span class='ocrx_word' id='word_1_265' title='bbox 868 4779 1098 4847; x_wconf 63' lang='lat' dir='ltr'>mumurantem</span> <span class='ocrx_word' id='word_1_266' title='bbox 1113 4743 1249 4846; x_wconf 64' lang='lat' dir='ltr'>aaaron</span> <span class='ocrx_word' id='word_1_267' title='bbox 1264 4781 1384 4868; x_wconf 71' lang='lat' dir='ltr'>uptun</span> <span class='ocrx_word' id='word_1_268' title='bbox 1403 4752 1670 4849; x_wconf 70' lang='lat' dir='ltr'>wriunuuenn.</span> <span class='ocrx_word' id='word_1_269' title='bbox 1704 4781 1737 4848; x_wconf 91' lang='lat' dir='ltr'>s·</span> <span class='ocrx_word' id='word_1_270' title='bbox 1760 4782 1950 4859; x_wconf 68' lang='lat' dir='ltr'>strumum</span> 
     </span>
     <span class='ocr_line' id='line_1_30' title="bbox 566 4860 2000 4953; baseline 0.003 -24"><span class='ocrx_word' id='word_1_271' title='bbox 566 4863 606 4948; x_wconf 80' lang='lat'>(²)</span> <span class='ocrx_word' id='word_1_272' title='bbox 637 4860 769 4939; x_wconf 71' lang='lat' dir='ltr'>Scribo,</span> <span class='ocrx_word' id='word_1_273' title='bbox 792 4865 989 4930; x_wconf 83' lang='lat' dir='ltr'>Bronirzcroo</span> <span class='ocrx_word' id='word_1_274' title='bbox 1004 4873 1034 4932; x_wconf 88' lang='lat' dir='ltr'>ot</span> <span class='ocrx_word' id='word_1_275' title='bbox 1052 4863 1205 4932; x_wconf 84' lang='lat' dir='ltr'>Cblcbowo</span> <span class='ocrx_word' id='word_1_276' title='bbox 1219 4866 1305 4932; x_wconf 80' lang='lat' dir='ltr'>uillae</span> <span class='ocrx_word' id='word_1_277' title='bbox 1318 4865 1375 4932; x_wconf 85' lang='lat' dir='ltr'>sibi</span> <span class='ocrx_word' id='word_1_278' title='bbox 1389 4867 1546 4953; x_wconf 80' lang='lat' dir='ltr'>contiguae</span> <span class='ocrx_word' id='word_1_279' title='bbox 1560 4869 1592 4934; x_wconf 93' lang='lat' dir='ltr'>in</span> <span class='ocrx_word' id='word_1_280' title='bbox 1606 4868 1732 4953; x_wconf 80' lang='lat' dir='ltr'>regione</span> <span class='ocrx_word' id='word_1_281' title='bbox 1770 4868 1901 4934; x_wconf 62' lang='lat' dir='ltr'>ratensi</span> <span class='ocrx_word' id='word_1_282' title='bbox 1915 4867 2000 4934; x_wconf 76' lang='lat' dir='ltr'>sitne.</span> 
     </span>
    </p>
   </div>
   <div class='ocr_carea' id='block_1_9' title="bbox 0 0 2468 5940">
    <p class='ocr_par' dir='ltr' id='par_1_9' title="bbox 0 0 2468 5940">
     <span class='ocr_line' id='line_1_31' title="bbox 0 0 2468 5940; baseline 0 1"><span class='ocrx_word' id='word_1_283' title='bbox 0 0 2468 5940; x_wconf 95' lang='lat' dir='ltr'> </span> 
     </span>
    </p>
   </div>
  </div>
 </body>
</html>
