4926 5940
1026 727 1421 798 '-4‘ld-

474 935 665 1053 scripturn,
688 957 746 1021 roe
766 928 850 1045 alijs
871 941 1059 1044 occupato
1080 927 1264 1044 negocijs,
1285 924 1420 1014 exindo
1439 925 1596 1032 conloci,
1613 925 1822 1046 subscripsi
1842 944 1881 1018 et
1900 931 2097 1047 publicavi,

473 1055 662 1169 signoque
690 1063 728 1135 et
756 1048 905 1134 nomine
934 1046 1027 1138 meis
1057 1045 1174 1134 solitis
1203 1060 1240 1132 et
1269 1045 1481 1151 consuetis,
1511 1073 1586 1132 una
1615 1055 1700 1132 cum
1724 1048 1957 1163 appensione
1987 1051 2099 1166 sigilli

472 1171 558 1258 dicti
579 1167 717 1256 domini
738 1163 947 1252 Cardinalis
968 1178 1004 1252 ct
1026 1163 1256 1268 executoris,
1277 1162 1425 1280 signavi
1456 1175 1616 1282 rugatus
1637 1177 1675 1250 et
1694 1165 1897 1282 requisitus
1927 1168 1963 1254 in
1983 1168 2096 1260 lide'm

472 1287 704 1406 singulorum
726 1284 1007 1398 premissorum.

573 1405 615 1490 ln
636 1405 742 1490 cuius
760 1389 910 1518 puidam
945 1428 1154 1515 processus
1175 1397 1437 1485 executorialis
1467 1397 1630 1513 interiorj
1664 1401 1852 1516 margine,
1882 1403 2095 1524 insignum
2155 1459 2160 1466 -

471 1522 595 1610 debite
621 1519 883 1622 exconcionis,
913 1519 1053 1634 scripta
1083 1531 1187 1604 erant
1216 1515 1289 1604 bec
1316 1516 1452 1605 verba:
1483 1514 1596 1604 Anno
1618 1513 1757 1602 domini
1788 1517 1980 1608 millesimo
2002 1553 2095 1641 qua·

470 1639 766 1758 driogeotesirno
785 1635 973 1724 tricesimo
995 1635 1132 1738 tercio,
1153 1632 1214 1720 dia
1234 1633 1326 1720 solis
1351 1646 1486 1720 octava
1509 1634 1648 1720 mensis
1669 1633 1820 1750 lllarcij,
1850 1637 1945 1724 alias
1966 1641 2002 1727 in
2024 1641 2094 1727 do-

471 1759 611 1844 minica·
627 1756 898 1858 Reminiscere,
921 1754 1014 1839 intra
1044 1753 1103 1838 vel
1135 1753 1241 1868 quasi
1262 1751 1458 1838 missarum
1488 1749 1699 1856 sollemnia,
1724 1755 1760 1840 in
1782 1752 1909 1841 Charo
1930 1757 2092 1844 ecclesie

469 1873 699 1962 kathedralis
721 1872 1012 1974 Poznaniensb,
1044 1899 1121 1988 ego
1143 1867 1340 1973 Andreas,
1361 1882 1490 1956 rector
1510 1868 1673 1956 ecclesie
1693 1871 1939 1986 parrochialis
1960 1873 1997 1960 in
2016 1881 2092 1960 Po·

471 1999 671 2078 bonooiozo
701 1986 775 2101 (2),
802 1987 1133 2076 lVladislaviensis
1165 1985 1346 2089 diocesis,
1375 1999 1413 2072 et
1437 1987 1600 2074 vicarius
1622 2004 1824 2103 perpetuus
1861 1991 1896 2076 in
1924 1990 2093 2107 predicta

470 2110 632 2198 ecclesia
653 2107 918 2210 Poznaniensi,
939 2104 1013 2192 alta
1035 2119 1072 2192 et
1087 2103 1312 2220 intellegibili
1332 2103 1533 2216 (sic)roce,
1553 2134 1681 2192 coram
1702 2105 1932 2196 multitudine
1952 2108 2093 2224 populi,

470 2241 558 2313 tunc
578 2225 626 2314 ad
649 2224 771 2310 divina
794 2223 1038 2340 congregati,
1058 2220 1258 2334 requisitus
1288 2221 1415 2308 monui
1434 2221 1697 2338 proconsules,
1728 2224 1925 2327 consules,
1957 2225 2092 2340 opida-

469 2372 541 2429 nos
580 2357 617 2430 et
645 2339 919 2430 universitatem
956 2337 1055 2456 opidi
1094 2342 1289 2439 Gdcnezte,
1326 2337 1428 2426 iuxta
1456 2340 1612 2428 sormam
1648 2352 1685 2426 et
1710 2354 1877 2426 tenorem
1905 2345 2092 2456 presentis

468 2489 696 2578 processus,
727 2456 851 2574 sigillo
893 2454 1225 2542 ebdomadariatus
1251 2455 1287 2542 in
1314 2457 1559 2544 testinnonium
1591 2455 1849 2574 subappeuso:
1881 2459 1983 2574 quod
2011 2463 2091 2577 qui·

468 2575 553 2664 dem
575 2576 736 2693 sigillum
769 2573 866 2660 dicte
902 2575 1121 2662 execucioni
1153 2575 1190 2660 in
1210 2572 1368 2688 pensula
1394 2576 1616 2691 pergameni
1648 2576 1933 2690 'subappensum
1954 2590 2035 2664 crat
2053 2579 2089 2666 in

467 2708 547 2782 toto
575 2693 624 2779 de
646 2694 795 2799 comuni
822 2721 931 2797 cera,
962 2693 998 2776 in
1019 2693 1125 2778 cuius
1155 2691 1265 2806 sigilli
1296 2689 1588 2810 medio-ymago
1615 2691 1714 2778 beati
1741 2691 1846 2808 Petrj
1877 2694 2022 2782 clavem
2051 2696 2089 2781 in

465 2841 578 2898 manu
599 2809 754 2898 dextera
784 2809 956 2896 deterens
987 2808 1229 2911 cernebatur,
1261 2806 1379 2896 littero
1406 2838 1499 2898 vero
1521 2810 1883 2898 circumierenoiales
1904 2839 2089 2928 oppresse

466 2929 549 3042 (sic)
570 2928 646 3046 legi
666 2959 741 3016 non
762 2941 936 3045 poterant
955 2928 992 3012 in
1013 2925 1135 3045 sigillo
1158 2924 1339 3042 predicto.

536 3152 540 3162 Ι
570 3045 661 3158 Qua
682 3047 830 3162 quidem
851 3045 1097 3162 prenominati
1117 3043 1338 3132 Reverendi
1353 3045 1389 3130 in
1404 3044 1555 3132 Christo
1577 3046 1693 3162 patris
1713 3045 1854 3134 domini
1877 3043 2089 3152 wladislai,
2111 3037 2117 3052 ⁸

463 3161 646 3282 Episcopi
668 3163 996 3252 Wladislaviensis
1023 3161 1180 3280 predicti
1210 3162 1460 3278 requisicione
1488 3165 1582 3252 iusta
1616 3177 1755 3251 attenta
1777 3180 1814 3252 et
1835 3193 2005 3254 consona
2024 3195 2088 3252 ra·
2188 3201 2193 3214 ·

322 3303 327 3318 “
464 3283 580 3386 eroni,
613 3281 803 3396 predictas
824 3280 965 3368 litteras
987 3279 1258 3368 executoriales
1280 3282 1540 3398 barrsscripsi,
1573 3285 1840 3400 transsumpsi,
1872 3282 2028 3398 copiari,
2049 3299 2088 3370 ct

464 3397 681 3486 earumdem
712 3399 858 3516 copiam
889 3401 925 3486 in
955 3398 1141 3515 publicam
1174 3393 1331 3486 sormam
1361 3399 1515 3518 redegi,
1544 3429 1593 3486 ac
1622 3401 1658 3486 in
1684 3400 1831 3515 publica
1861 3400 2087 3488 documenta

464 3517 620 3604 conieci.
680 3517 779 3605 Acta
809 3532 895 3604 suot
923 3517 995 3604 bec
1024 3544 1141 3621 anno,
1172 3514 1397 3622 indiccione,
1428 3516 1686 3634 pontificatu,
1704 3518 1781 3623 dia,
1812 3547 1960 3620 mense,
1991 3517 2088 3608 bora

464 3647 502 3719 et
522 3634 625 3738 luco,
652 3635 786 3751 quibus
807 3665 934 3752 supra.
984 3633 1232 3722 Presentibus
1260 3633 1399 3722 ibidem
1424 3634 1699 3724 venerabilibus
1728 3649 1765 3724 et
1786 3634 1959 3724 discretis
1986 3637 2087 3741 viris,

462 3751 639 3838 dominis:
670 3751 844 3836 dobanne
866 3749 915 3836 de
937 3759 1197 3855 ttwmoooo,
1224 3749 1507 3842 Arcbidiccono
1536 3753 1739 3856 Srernensi,
1766 3755 1804 3840 in
1823 3753 2086 3842 ecclesial'o-

294 3851 297 3860 ³
328 3957 332 3963 ,
461 3869 671 3978 scaniensi,
702 3883 739 3956 ot
759 3868 913 3956 Simone
943 3867 991 3954 de
1026 3871 1234 3970 Gonroroo,
1263 3867 1433 3958 Rectoro
1461 3871 1623 3958 ecclesie
1652 3872 1687 3958 in
1709 3877 1897 3971 Stousbm
1928 3869 2084 3960 testibus

461 4016 562 4075 crrca
610 4017 778 4072 remissa.

562 4017 618 4213 (b).
639 4102 700 4214 N.)
731 4102 781 4189 Et
802 4132 878 4220 ego
898 4103 1097 4190 lohannes
1118 4099 1264 4189 Nicolai
1290 4099 1339 4190 de
1358 4108 1549 4191 Strrotore
1570 4101 1645 4215 (³),
1668 4103 1827 4191 clericus
1848 4101 2085 4193 Gneancnsis

461 4220 636 4326 diocesis,
659 4220 829 4337 publicus
848 4221 1033 4338 lrnperiali
1054 4221 1275 4310 auctoritate
1289 4221 1480 4310 notarius:
1512 4221 1615 4335 Quia
1636 4221 1814 4337 predictis
1834 4222 2083 4339 requisicioni,

460 4339 701 4456 transsumpti
723 4339 901 4457 'peticioni
931 4369 1090 4454 presens
1120 4339 1285 4442 interlui,
1315 4367 1389 4426 una
1411 4341 1677 4428 contestibus
1705 4339 1987 4457 prenominatis,
2017 4367 2084 4427 ea·

401 4531 405 4538 .
460 4486 532 4571 que
553 4458 678 4546 omnia
699 4471 737 4544 et
756 4457 905 4575 singula
927 4457 1112 4574 premissa
1142 4455 1197 4544 sio
1222 4455 1307 4572 liorj
1332 4456 1408 4548 vidi
1430 4473 1468 4544 et
1487 4457 1632 4564 audiui,
1660 4456 1748 4544 ideo
1779 4469 1974 4574 presentes
1995 4486 2079 4544 axo

561 4671 602 4836 (Ἰ
630 4672 796 4738 Pobicm'ce
810 4671 899 4740 bodie
914 4672 1057 4758 oppidum
1074 4671 1215 4740 territorii
1231 4670 1425 4755 Siradiensis,
1447 4673 1577 4760 regionis
1593 4659 1665 4740 vero
1680 4673 1858 4740 Brestensts

561 4758 587 4839 (θ
633 4757 807 4822 Ὶὶοανάοωο
821 4757 889 4822 villa
905 4755 1044 4832 territorii
1064 4757 1291 4832 posnaniensis
1318 4748 1455 4838 Garama
1466 4767 1496 4823 et
1512 4755 1634 4825 Slawrlr
1648 4757 1733 4824 uillae
1745 4757 1809 4846 jam
1824 4757 2003 4842 descriptae.
2018 4753 2085 4820 l’lu·

459 4859 508 4908 res
523 4846 594 4908 mar
610 4839 694 4908 villae
710 4840 858 4908 &zeon
872 4842 904 4908 in
918 4841 1069 4908 mitono
1084 4841 1279 4910 Pornaniecst
1294 4841 1379 4916 ottae,
1467 4873 1471 4882 ·
1630 4866 1634 4878 ¹
