4878 5942
1049 767 1093 788 ....
1145 731 1220 821 ddi
1286 769 1319 787 2-

371 929 610 1048 perhenniter
627 926 761 1021 luerint
779 933 970 1022 roborata:
992 934 1079 1024 lrinc
1099 931 1176 1042 cst,
1198 935 1302 1055 quod
1321 963 1393 1025 nos
1413 934 1621 1044 lohannes,
1644 938 1705 1026 dei
1718 953 1764 1027 ot
1783 941 2012 1060 apostolice

370 1049 474 1137 sedis
494 1051 737 1168 prouidoncia
757 1047 975 1174 Episcopus
993 1050 1334 1161 Wladislauiensis,
1369 1055 1555 1144 uniuersis
1575 1055 1612 1145 et
1631 1057 1789 1192 singulis
1809 1076 1884 1147 tam
1905 1058 1993 1176 pre·

370 1167 556 1276 sentibus,
587 1197 700 1289 quam
721 1171 851 1258 suturis
870 1167 1108 1288 presencium
1128 1173 1317 1262 literarum
1345 1175 1519 1261 noticiam
1549 1173 1728 1280 habituris
1756 1177 1904 1294 publice
1924 1178 1992 1266 de-

370 1290 575 1378 claramus:
607 1287 727 1402 Quod
747 1287 976 1376 honorabilis
996 1289 1109 1376 irater
1128 1304 1259 1377 noster
1279 1293 1316 1378 in
1339 1291 1491 1381 Clrristo
1513 1291 1670 1385 dilectus
1686 1293 1859 1384 dominus
1879 1293 1993 1385 Nico-2

368 1406 452 1494 laus
473 1405 655 1524 Stephani
677 1405 725 1494 de
749 1410 1019 1512 Czcotomicze,
1042 1407 1181 1496 Custos
1201 1405 1299 1496 dicte
1319 1425 1448 1497 nostre
1468 1409 1800 1500 Wladislauiensis
1821 1412 1994 1518 ecclesie,
2085 1517 2088 1522 g

369 1554 438 1611 sue
474 1525 646 1614 custodie
679 1523 876 1611 intendens
907 1523 1160 1613 melioracioni
1186 1541 1225 1613 et
1249 1540 1469 1646 augmento,
1500 1528 1601 1616 bona
1628 1531 1739 1616 animi
1765 1533 1822 1617 sui
1849 1529 1991 1618 delibe-

367 1643 523 1730 racione
543 1655 581 1730 et
599 1642 791 1730 voluntate
812 1655 1024 1758 spontanea
1043 1644 1261 1731 sculteciam
1282 1646 1319 1731 in
1340 1643 1426 1732 uilla
1444 1675 1516 1752 sua
1536 1651 1774 1734 Swnrrttm'ti
1797 1649 1846 1739 wl
1877 1650 1992 1737 ariter

367 1759 479 1867 dicta,
499 1758 638 1847 dudum
659 1759 785 1878 adjus
800 1759 1119 1886 Maydburgense
1143 1763 1325 1880 exposite
1344 1764 1382 1850 in
1401 1763 1521 1852 Terra
1543 1766 1711 1884 Cuyauie
1731 1781 1769 1854 et
1788 1767 1824 1854 in
1845 1677 1991 1854 distrio-

366 1893 406 1966 tu
439 1879 638 1967 Brestensi
679 1879 774 1985 sita,
813 1877 1036 1967 addictam
1072 1909 1179 1968 suam
1215 1879 1423 1969 custodiam
1459 1897 1672 2000 spectante,
1712 1883 1872 2003 prouido
1908 1885 1991 1972 viro

367 1996 510 2084 Mathis
531 1994 694 2102 Ottonis,
715 1996 844 2084 heredi
866 1995 915 2084 dc
944 2003 1180 2099 Weszczioze,
1201 1998 1366 2087 vendidit
1385 1997 1462 2113 (2),
1494 1998 1605 2088 tradit
1626 2001 1707 2114 (sic)
1729 2018 1765 2090 et
1786 2001 1992 2120 resignauit

366 2131 568 2235 perpetue,
598 2114 669 2202 sub
699 2115 773 2202 hac
800 2131 926 2203 tamen
957 2146 1030 2234 que
1059 2119 1228 2237 sequitur
1257 2117 1518 2207 ordinacione:
1548 2117 1665 2233 Quod
1699 2119 1797 2208 idom
1827 2118 1991 2208 Mathias

367 2235 548 2322 scultetus
576 2247 614 2320 et
641 2235 698 2319 sui
727 2263 976 2322 successores
1010 2235 1163 2358 legitimi
1184 2233 1345 2323 ¹habebit
1371 2267 1439 2323 seu
1471 2235 1664 2326 habebunt
1695 2239 1731 2326 in
1767 2237 1868 2325 dicta
1903 2237 1992 2324 villo

365 2345 600 2438 Soonttnr'lc‘
624 2349 721 2438 duos
752 2380 905 2438 mansos
936 2352 1118 2440 liberoso
1139 2381 1277 2454 censu,
1309 2367 1347 2439 et
1367 2383 1477 2440 unum
1513 2356 1683 2472 iugerem
1712 2385 1894 2475 agrorum
1920 2383 1991 2472 pru

366 2470 550 2557 ortulano.
600 2466 861 2582 iudicabitque
891 2466 989 2552 idem
1019 2467 1200 2556 scultetus
1229 2470 1265 2556 in
1295 2469 1380 2556 villa
1409 2476 1644 2556 Swonttm‘lo'
1678 2503 1810 2560 omnes
1851 2502 1991 2562 causas

365 2601 443 2674 tam
465 2614 626 2706 magnas
656 2615 767 2704 quam
799 2613 972 2702 paruas,
1004 2585 1109 2672 etde
1129 2584 1355 2702 qualibetre
1376 2616 1445 2702 per
1465 2589 1585 2703 ipsum
1599 2586 1789 2703 judicata3
1821 2619 1894 2676 nec
1913 2620 1991 2678 nou

366 2702 416 2792 de
435 2705 618 2794 thoberno
638 2703 791 2791 habebit
810 2731 878 2790 seu
899 2701 1089 2790 habebunt
1108 2705 1263 2791 tercium
1285 2701 1498 2809 denarium,
1529 2702 1682 2812 domino
1704 2704 1873 2793 Custode
1894 2707 1990 2817 (sic),

366 2825 430 2946 qui
449 2854 519 2944 pro
540 2837 709 2941 tempore
729 2821 847 2924 luerit,
869 2820 966 2908 duos
988 2819 1165 2908 denarios
1185 2821 1430 2909 reseruando.
1471 2821 1564 2908 ltem
1585 2821 1685 2910 idem‘
1704 2823 1883 2911 scultetus
1904 2849 1990 2910 oum

365 2935 444 3032 suis
463 2941 625 3062 posteris
645 2941 682 3026 in
697 2939 846 3026 llumine
859 2943 973 3026 ttoto
987 2938 1182 3058 vulgariter
1196 2939 1298 3028 dicto
1311 2940 1439 3028 lacere
1453 2941 1589 3058 poterit
1602 2941 1850 3048 obstaculum,
1864 2941 1990 3144 wlga-

364 3062 583 3163 nitendum,
615 3073 650 3145 et
672 3060 708 3145 in
730 3055 865 3146 eodem
886 3058 1037 3144 llumine
1057 3087 1105 3146 ac
1124 3059 1230 3166 lacu,
1250 3059 1312 3175 qui
1332 3071 1392 3145 est
1410 3059 1447 3145 in
1466 3056 1592 3147 medio
1614 3059 1701 3146 dicti
1721 3059 1880 3146 [luminis
1900 3059 1925 3144 li
1952 3089 1990 3146 e-

365 3209 408 3292 re
436 3178 575 3296 piscari
604 3176 740 3295 poterit
768 3176 898 3282 hanno,
939 3176 1111 3296 lugustro
1141 3189 1181 3262 et
1207 3176 1380 3264 omnibus
1409 3177 1625 3284 reciaculis
1657 3177 1792 3296 quibus
1818 3176 1989 3284 voluerit,

365 3287 493 3416 preter
527 3325 570 3382 sa
603 3325 729 3382 enam:
777 3294 825 3382 de
860 3294 1051 3410 piscatura
1095 3293 1306 3382 huiusmodi
1346 3293 1497 3382 domino
1548 3294 1705 3383 Custodi
1753 3287 1864 3382 nichil
1911 3285 1990 3380 sol-

279 3507 282 3514 ,
365 3412 503 3502 nendo.
591 3414 688 3500 illani
723 3443 816 3502 vero
844 3443 912 3502 seu
932 3411 1053 3500 incole
1074 3411 1173 3501 dicte
1200 3410 1284 3500 ville
1312 3417 1546 3500 Suoottmlo'
1568 3413 1721 3501 racione
1750 3440 1888 3500 census
1909 3409 1990 3498 dic·
2122 3518 2133 3536 g

365 3549 404 3621 to
444 3530 597 3620 domino
630 3530 788 3619 Custodi
818 3547 854 3618 et
880 3531 958 3617 suis
988 3529 1277 3619 successoribus
1306 3529 1472 3635 soluent,
1503 3544 1616 3648 prout
1644 3547 1680 3618 et
1705 3560 1805 3617 nunc
1825 3529 1989 3635 soluunt,

362 3651 525 3768 singulis
544 3652 653 3737 annis
673 3647 723 3736 de
743 3648 907 3768 quolibet
922 3675 1060 3736 manso
1076 3650 1113 3734 in
1134 3648 1230 3734 lesto
1251 3649 1380 3736 Sancti
1401 3647 1550 3738 Martini
1571 3649 1810 3736 Conlessoris
1831 3647 1990 3769 gloriosi

365 3797 436 3883 per
454 3768 583 3887 viginti
605 3785 766 3886 quatuor
787 3795 972 3887 grossos,
1002 3767 1037 3852 in
1059 3765 1142 3854 latis
1164 3767 1314 3882 grossis
1333 3766 1394 3859 vel
1415 3781 1566 3854 moneto
1586 3766 1816 3885 prutenioali.
1857 3765 1990 3882 Agros

366 3909 516 3998 quoque
537 3885 673 3974 domini
697 3885 888 3990 Custodis,
910 3910 1007 3998 quos
1027 3884 1064 3970 in
1086 3881 1229 3971 eadem·
1242 3885 1327 3975 villa
1349 3915 1419 4003 pro
1434 3883 1574 3973 allodio
1595 3915 1665 3975 seu
1685 3884 1849 3971 dominio
1864 3881 1987 3981 hebet,

365 4001 454 4089 dicti
474 4004 596 4090 villani
618 4035 686 4091 seu
707 4003 830 4091 incole
851 4003 935 4094 villa
955 4000 1190 4089 Swootlnilc'
1206 4003 1397 4101 eircolere,
1429 4005 1571 4091 semine
1592 4004 1709 4125 ipsius
1729 3997 1908 4088 Custodis
1928 4025 1989 4086 se-

366 4121 510 4206 minare
531 4135 568 4205 et
589 4120 765 4236 planare,
796 4122 977 4231 quociens
999 4149 1096 4236 opus
1116 4120 1245 4226 luerit;
1277 4119 1468 4206 delolcare
1489 4133 1564 4206 tam
1584 4119 1714 4236 [rugos
1735 4140 1847 4228 quom
1867 4128 2012 4232 prata„

367 4253 405 4326 et
424 4235 611 4326 delalceta
630 4235 680 4322 ad
701 4237 839 4324 horrea
861 4234 947 4322 dicti
970 4235 1150 4324 Custodis
1165 4235 1208 4321 in
1227 4242 1462 4322 Swaottm‘loi
1493 4233 1729 4339 conducere,
1750 4249 1788 4321 et
1807 4231 1858 4321 ad
1879 4262 1988 4320 acer·
2115 4318 2121 4326 .

367 4383 438 4446 uos
459 4383 663 4472 reponere,
695 4383 743 4440 ac
763 4353 813 4440 de
834 4352 1000 4465 quolibet
1029 4362 1165 4441 manso
1195 4351 1246 4438 od
1275 4354 1409 4441 testum
1429 4353 1583 4442 Pasche
1602 4351 1679 4441 XV
1698 4379 1792 4460 oua,
1824 4365 1862 4440 et
1891 4348 1990 4440 duos

350 4473 490 4593 'pullos
510 4473 560 4560 ad
581 4475 713 4561 lestum
737 4469 1024 4588 Assumpcionis
1052 4468 1175 4558 Mnrie
1201 4471 1358 4591 virginis
1378 4471 1548 4592 gloriose
1568 4499 1791 4590 procurare,
1824 4467 1990 4583 quolibet

468 4757 510 4844 (²)
543 4755 722 4825 mammos
745 4756 813 4824 uitta
828 4755 1018 4824 territoriiet
1032 4756 1163 4841 regionis
1178 4755 1394 4844 Gostynensis;
1424 4754 1608 4841 Wicrzozyce
1625 4752 1758 4838 regionis
1773 4750 1987 4834 Orlowionsis,

365 4841 505 4910 territorii
521 4841 726 4930 Gostynensis.
1416 4865 1420 4874 ·
