4896 5926
1017 779 1290 854 -157-

337 981 478 1069 nostris
507 977 738 1098 integraliter
763 976 1030 1096 percipiemus,
1061 977 1143 1066 iure
1166 991 1349 1096 perpetuo
1379 974 1646 1096 possidendas.
1698 977 1869 1095 Quorum
1896 981 1964 1070 uil-

337 1098 474 1204 larum,
506 1125 574 1185 seu
602 1097 886 1212 possessionum
914 1097 1064 1184 nomina
1090 1113 1178 1185 sunt
1196 1097 1288 1186 beo:
1319 1101 1480 1198 Podole,
1510 1103 1699 1211 Beseylrer
1727 1128 1907 1218 magnum
1927 1115 1965 1190 et

337 1244 484 1334 parwm
516 1214 631 1322 (sie),¹
674 1217 840 1326 Cloyrro,
881 1218 1054 1314 Slomrro,
1093 1219 1276 1328 Czopplo,
1313 1219 1483 1316 Boneiro,
1522 1219 1686 1330 Gzeqrro,
1722 1222 1963 1331 Beporeur'os,

339 1340 564 1434 Toletano,
604 1337 828 1446 Nyuodoue,
867 1337 1040 1433 Vr'rsolro,
1081 1339 1298 1430 Brodur'rro,
1338 1337 1502 1445 Sopotlr,
1543 1341 1743 1447 Reprono,
1784 1342 1962 1440 Brasose,

338 1455 620 1549 Seowomr‘eze,
660 1454 871 1551 Ostrr'zr'ro,
908 1456 1128 1552 Plouunoro,
1165 1455 1374 1562 Zyreirsoo,
1415 1455 1603 1554 Stoeoriro,
1643 1457 1891 1542 Kortltussr'rro
1927 1469 1965 1542 el

336 1576 501 1660 Meeloro
522 1563 588 1680 (2).
639 1565 676 1653 Α
705 1568 813 1654 nobis
842 1579 967 1654 autern
1000 1583 1038 1654 et
1064 1580 1195 1655 nostro
1224 1581 1413 1656 conuentu
1443 1569 1481 1654 in
1506 1597 1793 1686 recompensam
1822 1573 1966 1689 recepit

337 1686 520 1776 decimam
546 1683 595 1772 de
618 1691 821 1772 Rndoetow
851 1697 888 1772 et
908 1683 1031 1772 villam
1056 1687 1176 1804 ipsam
1196 1686 1311 1774 eertis
1331 1684 1503 1774 limitibus
1524 1685 1827 1794 determinatam,
1855 1690 1964 1780 sitam

336 1805 560 1894 in'distriotu
589 1809 834 1903 Terseue'errsr',
865 1801 988 1890 villam
1016 1809 1179 1890 Foeeriro
1210 1803 1247 1890 in
1266 1803 1450 1892 territorio
1480 1801 1673 1892 Gdanensi
1701 1807 1875 1896 situatam
1896 1803 1963 1918 (³),

335 1935 450 2044 prout
484 1923 562 2010 suis
598 1923 711 2008 oertis
750 1919 922 2009 limitibus
957 1933 1017 2009 est
1050 1920 1233 2010 distinato.
1293 1919 1384 2010 Item
1419 1927 1567 2010 Brerrro
1595 1921 1651 2035 (⁴)
1691 1923 1814 2012 villam
1848 1953 1967 2044 super
2040 2005 2049 2037 ,

344 2047 525 2128 Verr‘eeom
555 2038 726 2145 lluuium,
757 2069 910 2128 mansos
940 2039 1068 2158 viginti
1100 2039 1369 2142 continentem,
1398 2052 1435 2124 et
1462 2039 1584 2126 laeum
1611 2039 1768 2148 ibidem,
1800 2042 1965 2161 quinon
2005 2055 2011 2068 '

336 2159 547 2248 eontinetur
580 2158 821 2246 inmensura
851 2155 980 2276 viginti
1008 2186 1244 2263 mansorum,
1281 2157 1343 2276 qui
1363 2169 1497 2246 tamen
1527 2157 1653 2264 loeus,
1682 2155 1734 2246 ad
1762 2157 1965 2280 quamlibet

334 2277 607 2394 pisoaoionem,
647 2277 793 2393 prelato
834 2273 987 2363 domino
1026 2291 1158 2364 nostro
1199 2275 1382 2392 episcopo
1422 2289 1458 2362 et
1489 2275 1599 2364 nobis
1639 2279 1847 2366 eommunis
1883 2277 1963 2368 erit.
2027 2276 2033 2289 '

335 2391 508 2507 Quarum
528 2393 695 2479 villarum
717 2423 786 2480 seu
805 2392 1092 2510 possessionum
1112 2407 1342 2496 nostrerum,
1371 2393 1408 2478 in
1428 2393 1610 2509 prelatum
1630 2409 1774 2510 patrem
1794 2411 1964 2484 nostrum

334 2525 375 2600 et
394 2539 643 2598 successores
663 2511 799 2625 ipsius,
831 2523 867 2595 et
887 2508 1106 2616 ecelesiam,
1138 2507 1301 2596 dominia
1321 2509 1382 2594 uel
1403 2509 1510 2625 quasi
1530 2511 1811 2616 transferendo,
1841 2514 1964 2632 ipsum

336 2657 504 2743 suosque
531 2655 795 2729 successores,
827 2637 864 2712 et
889 2623 1090 2713 eeclesiam
1116 2653 1241 2730 suam,
1271 2654 1387 2714 ueros
1416 2639 1453 2714 et
1473 2625 1673 2744 legittimos
1703 2641 1741 2714 et
1759 2643 1964 2747 perpetuos

336 2745 595 2835 constituimus
614 2756 875 2862 possessores.
926 2741 1206 2830 Renunoiamus
1225 2743 1380 2860 insuper
1399 2743 1548 2830 nomine
1568 2755 1711 2846 nostro,
1740 2756 1777 2832 et
1797 2773 1964 2832 conuen-

336 2877 397 2952 tus
416 2864 550 2969 ndstri,
579 2862 751 2950 omnibus
771 2860 1000 2980 priuilegijs,¹
1027 2859 1185 2966 iuribus,
1217 2857 1454 2966 aooionibus,
1481 2860 1771 2976 exoepoionibus
1791 2861 1882 2950 iuris
1901 2860 1964 2950 uel

336 2981 442 3090 laeti,
474 2993 512 3068 et
537 2979 708 3069 omnibus
737 2979 963 3100 generaliter
990 2977 1244 3087 munimentis,
1275 2978 1313 3066 in
1332 2976 1427 3067 villis
1454 3007 1523 3067 seu
1549 2978 1857 3099 possessionibus
1883 3009 1962 3068 me-

439 3300 478 3386 (2)
506 3263 599 3368 Villae
611 3299 744 3378 Poma,
765 3299 929 3386 Beseplcer,
956 3298 1092 3452 (ἐξαίνυτο,
1116 3297 1257 3377 Slomrro,
1279 3307 1340 3366 tam
1358 3299 1389 3366 in
1402 3299 1510 3367 tabulis
1524 3299 1731 3386 geographiois
1747 3301 1777 3368 in
1792 3299 1963 3390 propinquo

337 3385 511 3454 monasterii
525 3383 683 3462 Olironsis,
694 3405 786 3472 quam
801 3386 832 3450 in
846 3384 959 3452 lndieib

337 3471 468 3537 nivinus.
501 3469 580 3536 Villa
605 3466 716 3568 Czaple
736 3477 782 3535 est
801 3469 831 3533 in
851 3471 976 3554 regione
997 3469 1182 3548 Cu'ariensi,
1207 3469 1260 3536 sed
1274 3469 1322 3535 bio
1335 3469 1528 3554 intelligenda
1543 3477 1589 3536 est
1601 3471 1700 3556 potius
1714 3470 1782 3537 villa
1801 3467 1962 3557 Czcrppeln,

336 3553 478 3620 territorii
500 3552 704 3632 Godanensrs,
724 3553 856 3638 regionis
870 3574 942 3620 vero
962 3555 1010 3622 Ka
1059 3554 1219 3632 ausiensis,
1241 3573 1336 3653 quum
1358 3553 1469 3620 ibidem
1490 3553 1580 3619 etiam
1603 3553 1668 3620 uilla
1690 3553 1796 3620 Borein
1817 3563 1963 3620 ooourrat.

342 3637 457 3726 Gzepno
472 3658 489 3703 a
511 3637 552 3703 ud
566 3636 768 3703 Ledoburium
788 3635 934 3723 Czepoirro
949 3647 995 3704 est
1007 3637 1134 3704 tortasse
1152 3635 1320 3704 deamata
1333 3659 1360 3704 r.
1377 3635 1559 3716 camactos,
1582 3637 1750 3706 mosomo
1764 3637 1854 3726 (apud
1868 3639 1963 3706 Ledo·

337 3721 403 3790 bur.
422 3659 586 3805 Tuodome)
607 3729 653 3787 est
677 3721 807 3787 illelom
829 3721 981 3806 (magnum
1004 3731 1034 3788 et
1073 3721 1187 3806 arrum)
1213 3721 1319 3788 ambae
1339 3721 1426 3788 villae
1448 3721 1584 3808 ejusdam
1604 3723 1747 3790 territorii
1772 3731 1802 3789 et
1822 3722 1963 3808 regionis.

336 3807 432 3875 Villae
451 3807 502 3870 Be
521 3805 638 3871 armies
658 3813 689 3872 et
708 3805 874 3892 Nyoadove
897 3805 986 3904 (apud
1006 3741 1155 3874 Ledobur.
1176 3803 1348 3890 Nevodooe)
1368 3825 1430 3872 non
1453 3806 1630 3873 invenimus.
1673 3807 1802 3894 Wpeoleo
1826 3815 1872 3873 est
1893 3806 1963 3872 rilla

338 3891 479 3960 territorii
499 3829 737 3976 bpdgostionsis,
758 3890 850 3956 altera
860 3891 1002 3956 territorii
1019 3891 1266 3976 liwidrynensis,
1288 3890 1327 3957 de
1341 3891 1500 3976 posteriori
1512 3891 1560 3956 bie
1574 3891 1623 3974 agi
1637 3890 1708 3957 inde
1722 3889 1870 3974 oonjioere
1884 3889 1963 3968 ticet,

1023 3406 1157 3464 osorum,
1170 3385 1347 3473 praesertim
1361 3405 1434 3451 uero
1448 3385 1479 3450 in
1493 3385 1594 3452 lodioa
1605 3385 1733 3463 blblleri,
1748 3385 1857 3452 trustra
1871 3405 1963 3472 quae-

379 3975 420 4042 od
445 3981 654 4060 obsequentes
678 3973 765 4040 villae
791 3995 852 4040 non
897 3973 979 4042 rooul
1001 3975 1127 4054 absunt,
1154 3976 1180 4041 si
1202 3973 1323 4062 quidem
1344 3973 1432 4041 villae
1453 3972 1604 4040 Bmdzau
1624 3972 1822 4056 (Brudvino),
1850 3971 1964 4039 Soboto

336 3996 486 4208 Q),
508 4057 614 4122 ersz
634 4057 791 4142 (Brusoze,
814 3995 896 4144 apud
914 4057 1116 4125 Ledoburium
1141 4057 1290 4138 Brusebel
1314 4057 1389 4123 sitae
1413 4065 1484 4122 sunt
1508 4059 1538 4122 in
1559 4057 1711 4123 territorio
1736 4056 1962 4143 Kwidzynensi.

396 4145 402 4160 '
483 4141 551 4208 villa
571 4142 712 4207 territorii
735 4140 925 4208 Gniewensis
948 4143 1090 4227 (Mewe).
1129 4142 1224 4208 Villae
1247 4141 1453 4207 Sroworrro'oae
1473 4149 1504 4206 et
1524 4141 1678 4227 Zprirrem
1698 4139 1792 4226 (apud
1814 4139 1962 4206 bedebur.

337 4224 505 4305 zarinssnol
526 4243 583 4322 eps
644 4245 675 4290 m
696 4234 865 4292 ooonrrunt.
909 4223 1058 4292 Orotztra
1078 4225 1168 4311 (apud
1189 4227 1223 4290 L.
1246 4224 1378 4373 Ostriqu
1398 4223 1500 4292 lorsan
1526 4223 1637 4290 Ontrdz
1657 4223 1805 4309 lpolomee
1825 4222 1963 4323 Oen-ayo)

336 4311 405 4378 villa
424 4309 565 4376 temitoru
616 4307 788 4386 edanensis,
811 4309 943 4394 regionis
965 4329 1036 4374 varo
1057 4309 1309 4376 Kartbausiensis.
1375 4309 1510 4374 maneo
1532 4307 1656 4374 sortasse
1676 4305 1801 4373 Plateia
1821 4308 1961 4374 territorii

336 4393 577 4480 Bydgostiensis,
596 4393 727 4477 regionis
742 4411 813 4458 vero
826 4391 1154 4458 Juniwludislaviensis.
1188 4390 1322 4458 Sweoirro
1337 4391 1439 4478 procul
1454 4391 1544 4457 dubio
1561 4389 1725 4458 Sebasteia
1739 4391 1806 4457 villa
1820 4391 1961 4460 territorii

338 4477 535 4546 Gedanensis.
570 4477 657 4542 Duae
671 4475 758 4541 villae
772 4475 976 4540 Kortlrussirso
990 4481 1020 4540 et
1034 4475 1168 4541 Meelow
1182 4474 1340 4540 laudantur
1354 4495 1371 4539 a
1385 4475 1588 4541 Damalerioio
1609 4496 1638 4562 p.
1652 4475 1705 4553 to,
1726 4475 1808 4561 prior
1820 4477 1962 4563 Kar-tuzy

337 4561 368 4628 in
390 4561 537 4628 decanam
556 4559 785 4628 Miraoboriensi
799 4582 825 4627 r.
838 4558 1102 4644 Kosoiorzynensi,
1179 4559 1271 4626 terior
1284 4559 1437 4626 Meobowo
1451 4559 1481 4624 in
1496 4559 1644 4626 deoenatu
1658 4560 1797 4626 Pucensi.

440 4645 478 4730 (³)
507 4644 614 4710 Proonl
629 4644 720 4710 dubio
734 4643 801 4709 villa
816 4644 1014 4721 Radoetowo,
1037 4664 1119 4731 quon
1141 4664 1189 4713 am
1211 4643 1243 4710 in
1256 4643 1381 4729 regiona
1402 4645 1577 4710 Tozewensi
1597 4643 1762 4729 (Dirsobau)
1784 4644 1850 4712 sita.
1882 4645 1960 4714 Villa

339 4727 479 4804 Fusciano,
495 4749 556 4794 non
571 4735 617 4794 est
630 4729 717 4795 allata
732 4727 763 4793 in
778 4728 875 4794 indice
887 4727 1018 4793 Mblleri.

439 4813 479 4900 (⁴)
506 4811 659 4879 Brzeosrro
674 4812 741 4880 villa
754 4813 887 4896 regionis
902 4810 1153 4896 Sturogardensis
1176 4811 1287 4878 Risum
1302 4809 1455 4880 Verianum
1469 4809 1578 4897 [Perse]
1593 4811 1711 4880 alveum
1725 4832 1814 4880 snum
1829 4819 1960 4881 mutasse

337 4905 472 4986 apparet,
487 4917 581 4986 mum
596 4897 665 4965 villa
679 4895 753 4964 bueo
767 4895 855 4964 hodie
871 4918 933 4964 non
947 4896 1010 4963 rivo
1025 4895 1078 4965 sed
1092 4895 1169 4963 lsoui
1184 4895 1324 4983 adunent
