4956 5940
1092 775 1357 850 -321-

413 1012 683 1072 successorum
704 981 952 1102 legitimorum
984 981 1209 1102 assignatis,
1234 979 1422 1070 videlieet·
1447 982 1565 1069 tercia
1587 993 1746 1092 metreta
1766 977 1835 1070 seu
1863 1008 2041 1067 mensura

413 1103 449 1190 in
479 1101 614 1191 eodem
650 1101 884 1205 molendino,
916 1100 1039 1188 medio
1062 1103 1202 1220 jugere
1235 1099 1283 1186 de
1313 1111 1413 1188 terra
1443 1130 1513 1218 pro
1545 1116 1649 1204 orto,
1681 1129 1729 1185 ex
1758 1099 1933 1216 opposito
1955 1097 2042 1188 dioti

414 1219 612 1308 molendini
640 1221 795 1322 iaoenli,
828 1217 929 1338 quod
958 1219 1154 1338 wlgariter
1187 1217 1321 1304 dieitur
1336 1212 1553 1332 polmorqo,
1585 1247 1657 1304 neo
1677 1247 1753 1305 non
1775 1217 1823 1305 de
1844 1216 1951 1336 agris
1972 1247 2041 1306 no·

414 1341 502 1426 stris
523 1340 559 1444 in
581 1339 682 1425 diota
703 1339 787 1425 villa
809 1367 879 1454 pro
901 1353 1062 1456 quatuor
1083 1339 1287 1440 mensuris,
1321 1351 1356 1422 et
1378 1335 1427 1422 de
1448 1351 1557 1454 prato
1580 1337 1699 1423 eoiam
1721 1351 1853 1423 nostro
1884 1365 1954 1452 pro
1976 1334 2042 1424 du-

414 1458 510 1544 obus
532 1457 715 1545 curribus
777 1455 953 1544 Prolatus
982 1486 1075 1545 vero
1104 1455 1397 1542 Swantboslaus
1425 1469 1460 1542 et
1489 1455 1546 1544 sui
1567 1455 1708 1574 posteri
1731 1453 1764 1540 le
1796 1454 1897 1542 itlimi
1926 1452 2042 1542 debe·

402 1574 504 1662 bunt
532 1577 686 1663 teroium
709 1573 904 1663 denarium
922 1589 959 1662 et
979 1572 1052 1662 nos
1074 1573 1172 1661 duos
1194 1603 1337 1692 ponere
1368 1603 1437 1692 pro
1461 1571 1687 1690 paruuorum
1706 1483 1795 1684 (sid
1809 1573 2042 1659 lerrimento·

413 1709 493 1780 rum
532 1693 711 1780 duntaxat
746 1707 783 1780 et
818 1694 1011 1780 molarium
1047 1694 1312 1810 reparaeione,
1350 1691 1522 1779 sednon
1553 1720 1789 1811 magnorum.
1850 1690 1942 1778 ltem
1966 1720 2042 1776 nnn
2151 1728 2155 1734 ·

413 1811 563 1898 babebit
584 1811 721 1898 dictum
743 1811 996 1898 molendinum
1016 1813 1052 1898 in
1072 1829 1178 1927 parte
1198 1810 1259 1898 uel
1279 1811 1315 1896 in
1337 1822 1417 1896 toto
1437 1808 1623 1914 vendere,
1655 1840 1722 1897 seu
1751 1807 1955 1928 obligare,
1972 1809 2044 1896 nisi

413 1929 471 2031 illi,
494 1959 603 2046 quem
625 1958 697 2021 nos
714 1929 936 2017 duxerimus
957 1929 1235 2017 admittendum.
1295 1926 1454 2045 Insuper
1476 1930 1555 2013 iura
1577 1929 1701 2014 omnia
1721 1925 1770 2013 ad
1793 1925 1930 2014 diotum
1961 1955 2041 2014 mo·
2106 1927 2147 2018 l·

414 2048 599 2135 leudinum
633 2049 882 2164 pertinencia,
904 2078 962 2144 ao
989 2049 1108 2163 ipsum
1139 2045 1389 2132 molendinum
1421 2045 1592 2162 prediolo
1614 2045 1886 2132 Swantboslao
1906 2038 1944 2132 el
1964 2046 2042 2134 suis

415 2169 704 2255 successoribus
720 2167 894 2284 legitimis
916 2165 1152 2282 presentibus
1174 2164 1308 2252 damus
1330 2164 1644 2284 et-assignamus,
1676 2193 1745 2282 per
1766 2164 1886 2280 ipsum
1903 2163 2043 2250 Swan·

415 2285 600 2372 lhoslanm
622 2297 659 2371 et
679 2315 772 2372 suos
794 2298 972 2400 posteros
994 2283 1155 2370 tenenda
1178 2284 1214 2368 in
1235 2297 1455 2400 perpetuum
1486 2298 1523 2372 et
1542 2281 1699 2398 paeilioe
1721 2280 1954 2397 possidenda
1975 2282 2041 2381 ita,

414 2402 621 2490 seeundum
644 2401 746 2521 quod
767 2403 922 2490 aliorum
945 2401 1242 2489 molendinorum
1260 2415 1501 2488 ventosorum
1525 2401 1560 2486 in
1584 2415 1683 2487 terra
1707 2399 1935 2516 Cuyaoiensi
1955 2401 2043 2486 situ·
2124 2459 2129 2472 ·

413 2537 559 2624 atorum
585 2521 736 2639 requirit
766 2519 1014 2607 eonsuetudo.
1073 2519 1117 2607 ln
1145 2521 1251 2606 ouius
1285 2520 1339 2606 rei
1375 2519 1642 2621 testimonium,
1678 2521 1708 2604 si
1742 2516 1838 2604 illum
1874 2515 2056 2608 nostrum.

414 2642 534 2726 maius
565 2639 801 2754 presentibus
822 2653 882 2724 est
901 2668 1121 2758 appensum.
1173 2635 1369 2724 Datum'in
1390 2643 1599 2741 Parmam,
1629 2637 1665 2722 in
1696 2547 1756 2722 die
1787 2634 2043 2735 deoolaaionis

415 2757 535 2846 saneti
554 2757 738 2845 lobannis
758 2758 937 2873 baptiste,
970 2787 1070 2844 anno
1092 2755 1232 2844 domini
1253 2755 1446 2842 millesimo
1471 2754 1736 2842 trecentesimo
1758 2755 2042 2872 septuagesimo

260 2941 262 2943 -
415 2874 596 2963 seeundo.
657 2875 903 2964 Presentibus
924 2874 1205 2962 honorabilibus
1225 2874 1327 2979 viris,
1349 2873 1528 2960 dominis:
1559 2873 1742 2988 magistro
1762 2869 1906 2958 Mathia
1927 2873 2042 2958 baoa-

415 2994 519 3080 lareo
536 2995 618 3106 (sio)
639 2994 675 3082 in
702 2993 877 3096 decretis,
898 2991 1058 3080 Niooloo
1079 2993 1286 3096 Chrobrza,
1308 2991 1501 3079 canonicis
1522 2989 1908 3098 wladislauiensibus3
1940 2989 2043 3078 Hen-

415 3113 495 3199 rioo
512 3127 546 3200 et
563 3111 738 3201 dohanne
753 3111 801 3200 de
820 3109 1033 3226 onomate)
1049 3112 1241 3198 oanonicis
1258 3109 1571 3198 orusuioiensibus
1589 3107 1747 3198 testibus
1767 3107 1817 3196 ad
1839 3109 2042 3226 premissa,

416 3260 502 3318 oum
524 3232 661 3320 ueteris
682 3232 850 3349 pluribus
869 3231 945 3319 lrde
967 3231 1102 3351 dignis.
1888 3251 1914 3286 ··

449 3479 451 3482 ·
520 3451 561 3534 (²)
595 3447 714 3538 Gop'uo
729 3450 796 3516 villa
811 3415 950 3516 territorii
965 3447 1192 3532 Gostyniensis,
1212 3446 1346 3550 regionis
1361 3445 1560 3512 Orlovieosis.

1049 3778 1079 3849 ¹·
1112 3781 1343 3902 CCOthl.

522 4023 827 4122 avenione,
846 4042 1003 4109 anno
1016 3995 1339 4132 lemmate
1357 4017 1644 4105 ermenus
1666 3949 1938 4130 outone-u.

417 4225 762 4300 memensvll
782 4225 851 4299 tuti
913 4225 1067 4298 ettomn
1087 4221 1259 4298 tltntlstao
1281 4217 1607 4295 tantummodum
1630 4217 1753 4308 sentit,
1776 4217 1948 4292 extortum
1970 4231 2041 4292 eun-

320 4409 326 4422 ,
421 4435 426 4442 η
570 4327 654 4415 den,
677 4331 714 4402 ut
727 4331 838 4401 eonon
873 4325 1116 4418 unumunurn
1131 4326 1265 4397 ereum
1278 4322 1393 4412 tegern
1415 4321 1560 4394 Potentes
1581 4321 1654 4414 jun
1668 4335 1728 4392 sua
1742 4317 1892 4392 mouet.
1927 4365 1929 4373 ι

821 4472 824 4480 ·
899 4509 1102 4580 Narnszevieii
1117 4511 1193 4580 Hist.
1209 4509 1273 4578 Pol.
1289 4511 1324 4580 Τ.
1339 4510 1394 4575 Vll
1411 4530 1441 4595 p.
1456 4507 1514 4574 aot
1534 4481 1564 4574 in
1580 4507 1774 4578 annotatione
1790 4507 1840 4574 90.
1867 4479 1869 4486 Α
1896 4477 1907 4486 ¹¹
