4876 5940
1116 765 1391 842 -tua-

1210 1133 1300 1250 CC.

584 1407 868 1504 Stratone,
894 1425 1050 1491 omno
1077 1401 1232 1491 13⁰8
1259 1403 1352 1488 die
1378 1401 1450 1488 21
1475 1401 1676 1488 merem
1701 1401 1924 1504 Aprilis.

435 1611 670 1689 Nlcolous
688 1609 888 1702 propositus
903 1607 1088 1682 momctcrit
1109 1605 1358 1681 tiromleurium
1372 1605 1564 1679 scabendo
1578 1609 1683 1680 sumta
1696 1607 1807 1680 mutua
1819 1604 1953 1697 peccota
1965 1624 1986 1680 c
2000 1586 2072 1680 ller-

435 1717 545 1794 vute
563 1715 715 1810 lptcccpo
729 1711 983 1786 comunem
997 1709 1135 1804 spondet
1148 1727 1184 1782 aa
1198 1709 1306 1782 rilem
1328 1712 1473 1790 Wmore,
1494 1725 1586 1801 quam
1602 1707 1702 1782 eidem
1715 1709 1991 1802 oppigneraverat,
2009 1709 2073 1798 lprl

704 1831 867 1890 cerm
882 1827 973 1902 esse,
994 1811 1079 1886 rtet
1092 1811 1210 1886 lictum
1223 1815 1350 1902 tenpus
1363 1809 1504 1884 neuun
1517 1827 1580 1884 uer
1593 1808 1748 1884 celibrat
1760 1811 1812 1898 (Ι).

540 2039 724 2130 Nouerint
754 2038 918 2126 uniuersi
938 2037 1008 2124 bas
1029 2037 1157 2124 literas
1178 2035 1399 2153 inspecturi:
1431 2033 1533 2154 quod
1555 2065 1626 2122 nos
1647 2035 1763 2123 lrater
1782 2033 1983 2139 Nicolaus,
2013 2035 2074 2124 dei

438 2161 636 2299 paciencia
655 2157 870 2275 prepositus
889 2161 1115 2244 Strelnarrsir
1135 2149 1212 2265 (Β),
1239 2169 1415 2272 totusque
1436 2168 1646 2242 conuentus
1666 2153 1819 2241 fratrum
1841 2167 1879 2240 et
1900 2183 2074 2272 sororum

439 2276 575 2368 rbidem
597 2277 739 2366 ordinis
760 2274 1136 2394 premonstratensis,
1163 2271 1442 2386 deliberacione
1462 2272 1588 2360 habita
1609 2271 1792 2394 diligenti,
1815 2272 1864 2358 de
1885 2274 2073 2361 communi

438 2395 598 2486 consilio
619 2393 788 2484 eiusdem
809 2409 1018 2482 conuentus
1039 2407 1076 2480 et
1094 2421 1267 2498 assensu,
1288 2422 1310 2480 a
1331 2389 1542 2482 reuerendc
1564 2391 1600 2478 io
1622 2391 1773 2478 Christo
1795 2407 1901 2510 patre
1922 2391 2074 2480 domino

441 2513 661 2618 Geruardo,
687 2513 871 2632 episcopo
896 2511 1058 2600 ecclesie
1078 2509 1414 2608 wladizlauiensis,
1445 2509 1673 2598 necessitate
1693 2511 1830 2600 domus
1850 2527 1979 2600 nostre
2000 2510 2075 2598 utili

437 2647 687 2868 perurgente,
717 2633 965 2718 mutuauimus
986 2630 1257 2748 quinquaginta
1279 2658 1428 2718 marcos
1450 2643 1488 2714 et
1508 2658 1618 2718 unam
1641 2659 1806 2716 marcam
1828 2659 1913 2716 cum
1933 2629 2075 2717 lottone

453 2754 522 2866 sic)
549 2765 699 2842 menete
726 2750 986 2854 tborunensis,
1016 2748 1178 2866 byennro
1206 2747 1501 2866 persoluendes:
1533 2746 1746 2867 obligantes
1772 2747 1892 2836 eidem
1921 2746 2075 2835 domino

438 2873 623 2991 episcopo
645 2899 790 2988 sueque
810 2867 974 2958 ecclesie
995 2867 1142 2986 pignori
1165 2867 1286 2956 villam
1309 2867 1445 2957 domus
1465 2881 1595 2956 nostre
1625 2874 1783 2956 Weoore
1799 2863 1852 2981 (³)
1882 2863 2076 2986 wlgaritar

439 3004 714 3107 nuncupatam,
750 3017 821 3105 pro
851 3016 998 3076 summa
1027 2987 1187 3103 pecunie
1217 2983 1446 3104 supradicta.
1502 2983 1777 3099 Quam-eciam
1807 2985 1932 3072 villam
1960 2985 2077 3072 lrater

438 3107 651 3214 lohannes,
681 3104 874 3224 quondam
898 3107 1131 3222 prepositus,
1164 3118 1294 3193 noster
1319 3118 1562 3208 antecessor,
1593 3103 1642 3190 de
1668 3103 1828 3194 consilio
1856 3118 2076 3208 conuentus,

439 3228 667 3314 necessitate
688 3223 824 3311 ductus
846 3221 1049 3328 consimili,
1080 3251 1150 3340 pro
1173 3225 1324 3342 triginta
1344 3224 1482 3310 mareis
1502 3223 1574 3309 iam
1595 3222 1696 3312 dicto
1718 3222 1872 3310 domiuo
1893 3223 2076 3340 episcopo

314 3364 334 3467 ,'
441 3357 481 3434 el
499 3375 569 3432 sue
589 3341 751 3431 ecclesie
772 3343 939 3460 primitus
960 3338 1151 3461 obligauit·
1175 3357 1285 3461 prout
1305 3344 1341 3430 in
1362 3343 1476 3429 literis
1497 3371 1614 3460 super
1634 3343 1709 3430 boc
1728 3341 1910 3430 conlectis
1930 3339 2077 3459 plenius

441 3461 633 3550 elucescit
688 3459 929 3567 Adicientes‚
964 3457 1040 3547 lrde
1070 3459 1178 3564 data,
1210 3459 1380 3581 quodsi
1413 3459 1549 3549 dictam
1581 3461 1779 3580 pecuniam
1812 3461 1907 3547 infra
1938 3457 2076 3547 dietum
2218 3565 2222 3574 ¹

441 3580 642 3696 byenoium
663 3577 814 3665 soluere
834 3579 1086 3698 nequiremus,
1106 3595 1243 3667 extunc
1263 3579 1422 3668 condem
1444 3578 1580 3683 villam,
1604 3609 1673 3696 pro
1693 3577 1883 3668 beneliciis
1903 3577 2078 3698 gratuitis

442 3693 599 3786 indicta
619 3697 778 3815 pecunia
800 3697 908 3784 uobis
930 3697 1124 3816 impensis,
1155 3699 1301 3814 prelato
1329 3698 1481 3785 dominc
1508 3699 1707 3816 episeopo,
1737 3727 1883 3818 sueque
1903 3695 2078 3798 ecclesie,

443 3845 530 3906 cum
550 3815 651 3902 omni
671 3813 857 3920 districto,
887 3815 1120 3921 utilitatibus,
1147 3815 1327 3904 reditibus
1349 3833 1386 3904 et
1406 3817 1667 3934 prouentibus,
1693 3828 1920 3934 spontanee,
1947 3815 2077 3902 uoaoi·

441 3935 551 4023 miter
571 3932 707 4020 damus
732 3947 770 4022 et
788 3935 1031 4053 assignamus
1058 3949 1240 4051 perpetuo
1260 3933 1550 4051 possidendam,
1581 3933 1692 4022 nichil
1712 3937 1802 4021 iuris
1823 3934 1997 4022 cononici
2017 3931 2076 4020 uel

443 4053 579 4159 ciuilis,
610 4051 722 4140 nobis
746 4067 812 4140 cut
831 4053 972 4140 nostris
992 4053 1282 4140 suecessoribus
1303 4054 1340 4140 in
1360 4085 1406 4142 ea
1426 4052 1634 4172 repetenda
1656 4054 1802 4171 penitus
1823 4063 2076 4140 rosemantes

442 4169 495 4258 Ut
513 4185 640 4262 aulem
659 4169 733 4258 bec
752 4169 947 4258 ordinacio
976 4169 1199 4260 inuiolabilis
1226 4187 1468 4291 perseueret,
1498 4183 1711 4289 presentem
1732 4171 1913 4292 paginam
1932 4181 2077 4274 nostro,
2191 4264 2198 4276 ,

443 4291 639 4408 nostrique
673 4304 884 4378 conuentus
919 4287 1052 4410 sigillis
1078 4289 1173 4402 (sic)
1209 4291 1407 4379 munimine
1441 4291 1598 4378 lecimus
1633 4289 1821 4380 roboreri‘
1874 4289 2079 4377 detumet

548 4571 588 4655 (Ι)
616 4572 664 4639 Ex
677 4573 748 4640 areb
853 4573 1083 4642 membranaceo
1098 4573 1130 4639 io
1144 4574 1291 4642 tabulario
1304 4575 1425 4662 capituli
1441 4573 1701 4642 Wladislauieosis
1714 4581 1871 4641 asserrrcto
1885 4571 2078 4661 descriptum.

445 4655 956 4826 zrgrfflbwspfflddegmccloris
977 4659 1039 4726 duo
1061 4665 1151 4728 arant
1169 4661 1266 4747 sigillo
1285 4660 1355 4727 huie
1372 4659 1491 4728 tobolm
1505 4677 1654 4748 uppem
1675 4679 1782 4727 eorum
1796 4679 1892 4726 uuum
1905 4657 2079 4748 cbrupbrru,

549 4825 589 4994 g)
620 4821 757 4892 Strabo
770 4827 915 4977 cpplidum
928 4827 1071 4894 territorii
1083 4827 1317 4927 ltydgostieosb,
1325 4828 1463 4931 regionis
1476 4849 1550 4898 roro
1563 4827 1892 4898 luniwlcdialcricasis.

579 4909 589 4996 l
627 4909 806 4978 Wooorzcr
837 4911 1005 4998 cujusdem
1018 4918 1160 4980 teintoru
1175 4921 1360 5000 etregroms
