4926 5940
1159 741 1204 756 -
1258 701 1334 776 uon
1388 657 1452 792 -J

482 907 601 998 verbo
622 903 681 995 vel
701 902 908 1022 inscriptis
930 901 1058 994 dicere
1084 903 1165 992 siue
1185 903 1361 1021 excipere
1380 899 1535 990 volebat
1553 899 1637 1013 (sie)
1659 915 1810 992 -ccutrn
1838 901 2115 996 musionium

405 1029 413 1040 ’
483 1027 645 1115 nltimam
667 1021 896 1142 predictam,
922 1053 991 1144 per
1010 1038 1153 1111 certum
1174 1019 1262 1110 dicti
1282 1020 1421 1110 domiui
1442 1021 1560 1108 nostri
1581 1017 1690 1138 Papa
1711 1050 1908 1110 cursorem
1930 1022 2036 1140 eitarj
2057 1024 2110 1112 le·

481 1146 601 1233 cimus
621 1143 671 1230 ad
692 1157 835 1230 eertum
856 1143 1145 1259 peremptorium
1174 1141 1367 1228 terminum
1395 1151 1679 1258 competentem.
1729 1138 1773 1226 ln
1793 1169 1870 1259 quo
1891 1171 1961 1259 per
1980 1142 2104 1258 prela·

482 1275 558 1352 tum
579 1261 798 1381 magistrum
818 1259 1001 1348 Thomam
1022 1259 1147 1364 Rode,
1170 1269 1453 1376 procuratorem
1474 1271 1511 1344 et
1531 1255 1716 1345 sindicum
1738 1259 1886 1367 nomine
1910 1257 2114 1348 antedicto

482 1391 616 1469 contm
638 1378 904 1467 comissionem
926 1376 1089 1465 ultimam
1110 1379 1355 1496 preinsertam
1378 1375 1565 1464 nonnullis
1585 1377 1880 1494 excepeionibus
1896 1375 2112 1475 ardeulatis,

481 1499 607 1602 lactis,
639 1495 827 1602 exhibitis,
858 1509 973 1614 atque
991 1495 1110 1601 datis,
1142 1494 1324 1612 replicato
1354 1523 1411 1598 ue,
1432 1492 1640 1610 duplicato,¹
1671 1493 1854 1612 triplicato
1882 1509 1920 1582 et
1945 1493 2113 1612 quadru-

481 1616 621 1735 plicato
651 1642 780 1702 coram
810 1612 921 1704 nobis
943 1613 1037 1702 inter
1058 1628 1185 1732 partes
1205 1525 1465 1730 supradictas:
1496 1609 1649 1699 tandem
1669 1640 1741 1699 nos
1762 1610 1812 1698 ad
1833 1613 1963 1731 prelati
1984 1609 2113 1731 Magi·

482 1735 549 1822 stri
577 1732 763 1821 lobannis
794 1729 842 1818 de
863 1736 1058 1835 Lomento,
1090 1731 1348 1849 procuratoris
1376 1741 1414 1816 et
1440 1728 1584 1835 sindici,
1614 1729 1853 1830 instanciam,
1883 1727 2111 1816 antedictum

481 1851 707 1970 Magistrum
730 1847 914 1938 Thomam
931 1847 1054 1955 Rode,
1070 1861 1354 1967 procuratorem
1376 1861 1414 1935 et
1433 1846 1616 1934 sindicum
1638 1877 1685 1934 ex
1701 1847 1879 1951 adverso,
1893 1845 2111 1934 ad'domum

481 1967 730 2056 habitacionis
759 1998 839 2072 sue,
871 1965 1101 2101 despeciali
1131 1964 1312 2054 mandato
1332 1980 1483 2072 nostro,
1513 1964 1666 2052 ulterius
1694 1964 1744 2052 ed
1767 1964 1969 2055 videndum
1989 1979 2026 2052 et
2044 1993 2113 2050 au-

354 2151 357 2158 .
481 2084 679 2188 diendum‚
710 2083 759 2170 ad
781 2113 1048 2172 execucronem
1070 2081 1579 2202 supradictarum'dillmitive
1599 2099 1635 2170 et
1656 2083 1809 2170 aliarum
1826 2082 2112 2186 sentenciarum,

361 2211 367 2234 '
481 2231 553 2322 pro
573 2202 675 2290 dieto
695 2200 890 2318 Episcopo
920 2214 957 2287 et
976 2201 1139 2290 ecclesia
1158 2199 1466 2288 Wladislaviensi
1495 2199 1662 2301 latarum,
1691 2199 1865 2335 procedi,
1894 2201 2113 2315 litterasque

444 2337 449 2349 ’
481 2318 766 2424 executoriales,
796 2319 1011 2406 monitorias
1042 2334 1080 2406 et
1099 2317 1422 2423 denunciatorias,
1453 2329 1748 2438 aggravatonas
1773 2333 1812 2406 et
1830 2333 2113 2436 reaggravato·

481 2437 577 2542 rias,
600 2467 720 2552 usque
740 2435 791 2522 ad
812 2437 1094 2526 invocacionem
1115 2437 1238 2553 auxilij
1266 2434 1409 2553 braehij
1437 2437 1621 2524 secularis
1648 2436 1840 2541 inclusive,
1870 2451 2002 2524 nostru
2041 2433 2112 2522 sub

480 2554 618 2673 sigillo,
638 2555 739 2640 iuxta
759 2555 851 2661 uim,
871 2555 1027 2642 sormam
1049 2569 1086 2642 et
1105 2567 1274 2642 tenorem
1296 2555 1532 2642 comissionis
1554 2554 1689 2661 ultime,
1710 2555 1885 2670 superius
1904 2555 2056 2657 inserte,
2075 2553 2112 2640 in
2195 2649 2199 2656 ,

479 2672 601 2760 iorma
621 2671 731 2758 solita
753 2687 789 2758 et
810 2687 992 2760 consuete
1015 2671 1166 2762 decerni
1197 2687 1234 2760 et
1253 2670 1431 2770 concedi,
1462 2672 1521 2758 vel
1546 2671 1787 2790 allegandum
1811 2701 1965 2760 causam
1985 2670 2111 2758 racio·

479 2789 616 2896 nalem,
637 2790 670 2876 si
692 2817 804 2906 quam
825 2787 999 2896 haberet,
1020 2819 1139 2906 quara
1158 2788 1233 2878 hoc
1255 2790 1401 2878 minime
1417 2787 1497 2908 fierj
1519 2789 1694 2896 deberet,
1725 2820 1774 2880 ac
1793 2789 2020 2878 sentenciam
2042 2786 2113 2876 de-

481 2935 598 3024 super
618 2907 655 2994 in
676 2907 825 3023 scriptis
854 2936 924 3024 per
953 2935 1025 2996 nos
1053 2909 1139 3024 lerrj
1168 2921 1206 2994 et
1233 2907 1485 3027 promulgari,
1516 2939 1584 3025 per
1609 2907 1707 2998 duos
1728 2907 1815 2998 dicti
1837 2905 1975 2996 domini
1994 2905 2113 2996 nostri

363 3051 368 3060 “
480 3023 588 3142 Papa
609 3055 800 3129 cursores,
822 3025 939 3114 tribus
968 3027 1112 3114 vicibus
1148 3027 1379 3132 successive,
1414 3026 1519 3144 citerj
1545 3027 1806 3120 mandavimus
1827 3042 1864 3115 et
1884 3027 2041 3114 lecimus
2060 3021 2110 3112 ad

480 3154 622 3232 certum
644 3143 934 3261 peremptorium
966 3145 1159 3232 terminum
1196 3157 1483 3263 competentem,
1518 3143 1694 3234 videlicet
1721 3145 1771 3234 ad
1802 3145 1900 3232 diem
1922 3141 2110 3234 ethoram

480 3261 751 3377 infrascriptos.
802 3259 845 3348 ln
866 3260 1000 3379 quibus
1029 3263 1238 3379 comparuit
1265 3263 1301 3350 in
1330 3262 1481 3354 Judicio
1510 3292 1639 3353 eoram
1670 3264 1781 3354 nobis
1811 3261 1997 3382 Magister
2038 3260 2110 3354 Jo-

479 3375 624 3466 hannes
646 3379 882 3466 delouom‘o
899 3381 992 3494 (sic),
1014 3395 1238 3498 procurator
1258 3395 1296 3468 et
1316 3380 1482 3471 sindicus
1501 3382 1649 3472 nomine
1670 3381 1870 3488 antedicto,
1892 3395 1930 3468 et
1952 3376 2111 3497 predicti

479 3493 657 3616 Magistri
678 3496 824 3584 Thome
844 3497 967 3601 Rode,
989 3499 1246 3614 procuratoris
1276 3514 1311 3588 et
1333 3498 1465 3590 sindici
1491 3531 1539 3586 ex
1558 3498 1736 3604 adverso,
1757 3531 1832 3588 non
1852 3497 2111 3615 comparantis

480 3612 562 3748 (sic)
593 3616 867 3702 contumaciam
896 3619 1113 3724 accusavit,
1144 3619 1342 3822 ipsumepue
1371 3619 1486 3736 pecijt
1517 3633 1776 3710 contumacem
1797 3617 1983 3736 reputari,
2015 3627 2055 3702 et
2074 3615 2108 3702 in

480 3757 562 3820 erus
591 3733 865 3818 contumaciam
894 3733 1034 3824 litteras
1065 3737 1280 3822 executoris
1295 3767 1337 3824 es
1359 3735 1570 3826 huiusmodi
1599 3737 1751 3826 decerni
1772 3750 1809 3824 et
1829 3735 2002 3838 concedi,
2022 3763 2109 3822 sen·

472 3847 715 3966 'tenciamque
736 3849 902 3966 desuper
929 3852 1015 3967 lerrj
1045 3863 1082 3938 et
1102 3853 1333 3970 promulgar'
1365 3883 1434 3968 per
1463 3885 1553 3958 nos,
1584 3853 1710 3944 debita'
1730 3884 1814 3942 cum
1836 3853 2019 3942 instancia
2038 3879 2110 3968 po·

471 3965 638 4056 stulavit.
691 3963 774 4054 Nos
793 3982 881 4055 tunc
901 3965 1039 4056 dictum
1059 3967 1284 4089 Magistrum
1371 3972 1644 4080 omnm-Rode,
1666 3987 1949 4090 procuratorem
1971 3999 2021 4056 ex
2041 3966 2110 4055 ad-

479 4111 604 4186 verso,
626 4114 702 4174 non
723 4101 1020 4202 comparentem,
1043 4119 1167 4207 neque
1187 4088 1343 4176 termino
1363 4087 1584 4178 ¹huiusmodi
1604 4091 1640 4178 in
1660 4091 1785 4210 aliquo
1806 4089 2109 4190 satisfacientem,

479 4200 564 4290 licet
584 4202 1008 4322 diuciusrexpeoamn,
1029 4208 1299 4322 reputavimus,
1317 4208 1463 4296 iusticia
1484 4210 1670 4328 exigente,
1701 4222 1983 4312 contumacem,
2013 4205 2108 4292 etin

479 4320 561 4407 eius
582 4323 874 4428 contumaciam,
905 4321 1142 4412 attendentes
1162 4325 1449 4444 requisicionem
1470 4325 1679 4414 huiusmodi
1701 4329 1783 4415 lore
1804 4328 1936 4414 iustam
1958 4338 1995 4412 et
2015 4352 2109 4427 con·

479 4466 612 4527 sonam
635 4440 796 4528 racioni:
829 4439 1007 4559 quodque
1039 4471 1171 4558 parum
1205 4442 1408 4560 prodesset
1428 4447 1641 4533 sentencias
1662 4446 1769 4562 lerrj,
1800 4445 1869 4533 nisi
1889 4439 2110 4532 execuoioni

481 4551 605 4688 debite
636 4555 973 4664 demandarentur,
1005 4559 1252 4678 volentesque
1282 4559 1419 4648 dictam
1453 4563 1614 4650 ultimam
1646 4563 1755 4652 nubis
1775 4564 1911 4650 lacmm
1931 4559 2109 4650 commis·

480 4699 625 4793 sionem
661 4689 878 4763 reverenter
908 4677 1062 4793 exequi,
1093 4693 1131 4766 ut
1160 4693 1347 4786 tenemur,
1377 4709 1545 4768 necnon
1573 4681 1664 4770 visis
1693 4681 1861 4797 primitus
1892 4709 1961 4799 per
1981 4708 2052 4766 nos
2072 4687 2111 4763 et

480 4786 677 4908 diligenter
707 4793 884 4912 inspectis
914 4795 1086 4886 omnibus
1110 4809 1147 4884 et
1172 4796 1330 4917 singulis
1360 4797 1474 4907 actis,
1506 4799 1696 4904 aeticatis,
1724 4798 1873 4906 litteris,
1904 4793 2110 4917 scripturis,
