4984 5930
1989 793 2013 844 V

379 961 524 1060 podem
540 963 709 1040 ιιιιιιιιιο
726 966 864 1064 privato
881 965 918 1038 in
934 963 1058 1060 Regno
1076 961 1228 1040 (ιιιιιιίιι
1244 963 1439 1056 asservari3
1468 963 1642 1062 posterim
1658 985 1744 1048 vero
1762 987 1843 1042 cura
1860 987 1922 1044 sua
1938 989 2009 1046 nau

379 1065 490 1138 solum
512 1064 547 1136 id
568 1067 730 1163 perfecit,
756 1077 794 1140 nt
822 1065 923 1142 nohis
949 1067 1135 1166 archetypa
1161 1065 1317 1140 tahulmh
1342 1066 1481 1164 capituli
1506 1063 1724 1160 Gujaviensis
1741 1071 1819 1144 siva
1835 1069 2007 1146 Vladisla·

379 1167 513 1240 viensis
539 1167 763 1243 describenda
791 1169 1079 1260 concederentur,
1104 1187 1227 1242 verum
1249 1169 1352 1241 etiarn
1376 1167 1499 1240 obtulit
1520 1167 1620 1243 nohis
1638 1192 1659 1242 ι
1676 1191 1717 1244 se
1735 1169 1905 1268 descripta
1922 1194 2006 1269 apo·

379 1265 508 1362 grupha
525 1271 726 1362 tabularum,
743 1291 830 1366 quae
847 1272 884 1342 in
900 1271 1127 1345 Posnaniensi
1143 1269 1322 1360 tahnlario,
1339 1269 1523 1366 privilegia
1541 1268 1749 1344 sublatorum
1764 1271 1883 1366 hiugni
1894 1273 2008 1346 Duca-

233 1365 238 1372 '
379 1375 434 1439 tus
451 1367 695 1446 Posnaniensis
713 1369 958 1446 coenobiorum
975 1374 1185 1462 continente,
1203 1371 1447 1446 custodiuntur.
1480 1370 1576 1444 Viris
1593 1371 1647 1446 his
1664 1373 1879 1468 amplissimis
1896 1377 2007 1447 maxi·

377 1489 472 1558 pras,
499 1493 627 1568 easque
647 1474 885 1548 meritissimus
908 1475 1037 1566 gratias
1062 1475 1208 1566 agimus,
1233 1469 1557 1568 quamvisoliioium
1573 1493 1692 1546 eorum
1707 1475 1816 1566 majus
1834 1477 1892 1567 sit,
1910 1495 2010 1572 quam

313 1647 316 1652 .
379 1577 415 1640 ut
433 1570 485 1642 eis
502 1595 566 1668 par
581 1571 698 1649 verbis
721 1575 832 1668 gratia
847 1573 970 1646 referri
986 1574 1107 1667 possit

480 1673 604 1748 Merito
618 1673 799 1748 dolendum
813 1683 879 1764 est,
893 1695 957 1768 per
968 1671 1158 1748 discessum
1171 1671 1213 1744 ah
1222 1668 1481 1746 urheVarsaria
1492 1671 1673 1746 clarissimi
1685 1671 1830 1769 Josephi
1841 1673 2009 1750 Rusiechi

378 1777 491 1849 aditus
509 1776 552 1848 ad
570 1779 645 1869 ejus
664 1779 839 1872 copiosam
856 1773 1044 1846 tuhularnm
1072 1773 1313 1847 collectionem
1342 1771 1442 1846 nohis
1468 1771 1677 1847 interclusos
1702 1773 1834 1866 luisse,
1860 1785 2010 1850 attamen
2074 1774 2079 1782 ’

380 1879 534 1974 promisit
546 1877 605 1950 ille
619 1875 730 1964 nohis,
741 1896 780 1950 se
792 1873 951 1948 reducem
969 1895 1088 1951 omnes
1102 1873 1232 1950 tahules
1247 1893 1328 1950 suas
1341 1877 1376 1946 in
1388 1895 1485 1947 usum
1498 1883 1651 1948 nostrum
1663 1895 1906 1950 concessurmn
1918 1897 2010 1952 esse.

479 2079 618 2154 Minime
632 2075 834 2168 dubitamus,
847 2073 948 2150 nohis
961 2077 997 2150 in
1014 2076 1242 2150 continuando
1259 2085 1379 2150 nostro
1397 2097 1503 2172 opere
1520 2097 1590 2150 non
1603 2073 1780 2150 defuturos
1794 2097 1876 2150 esse
1890 2099 2008 2152 novos

378 2188 517 2277 ignotos
536 2181 663 2269 lontes3
680 2201 803 2252 verum
819 2187 933 2250 tannen
951 2199 1070 2252 omnes
1080 2231 1092 2268 ,
1118 2181 1310 2274 quicunque
1328 2198 1392 2250 nos
1410 2176 1574 2280 adjuvare
1597 2181 1748 2274 cupiunt,
1766 2187 1908 2273 rogatos
1927 2200 2008 2254 esse

377 2284 548 2372 volumus,
565 2289 613 2372 ut,
632 2283 663 2353 si
681 2279 780 2354 nohis
798 2277 985 2374 archetype
1002 2277 1226 2352 describenda
1239 2281 1451 2351 committere
1467 2299 1538 2350 non
1549 2287 1705 2374 possent,
1719 2279 1841 2352 saltem
1858 2277 2009 2352 coniec-

215 2457 220 2466 ,
376 2395 411 2456 ιι
429 2407 449 2455 ι
466 2407 506 2456 se
523 2381 719 2478 apographa
745 2379 928 2474 diligenter
953 2389 990 2452 el
1006 2389 1165 2452 accurate
1195 2401 1271 2452 oum
1293 2379 1488 2476 archetypis
1508 2378 1667 2452 conferre
1684 2379 1836 2470 vellent,
1862 2401 2009 2476 namque

376 2487 590 2578 experientia
608 2481 722 2552 edocti
740 2485 979 2572 cognovimus,
1001 2503 1101 2577 quam
1117 2503 1236 2579 parum
1253 2483 1386 2578 prosint
1404 2480 1611 2578 apographa,
1630 2483 1662 2554 si
1679 2481 1801 2554 ilerum
1819 2483 2008 2576 iterumque

353 2605 454 2656 »cum
470 2579 668 2674 archetypis
686 2581 758 2654 suis
775 2601 846 2652 non
863 2584 932 2654 sint
949 2581 1084 2654 collate.

478 2779 641 2856 Codicum
658 2779 950 2875 diplomatieorum
968 2779 1155 2852 auctoritas
1173 2787 1254 2851 tnnc
1272 2779 1405 2850 demum
1423 2779 1554 2850 obtinet
1571 2781 1683 2870 iidem,
1702 2785 1733 2854 si
1744 2781 1930 2877 archetypa
1943 2805 2009 2855 ao-
2118 2855 2125 2868 ,

378 2887 592 2958 curatissime
623 2891 701 2955 sunt
719 2883 810 2978 typis
841 2879 1047 2976 descripta,x
1062 2879 1152 2953 unde
1170 2883 1324 2974 sequitur
1354 2882 1536 2950 maximam
1568 2901 1682 2952 curam
1699 2879 1861 2955 tollendis
1885 2886 2008 2956 erratis

378 2985 609 3062 insumendam
625 3005 721 3056 esse:
741 2979 830 3076 quod
848 2989 962 3054 temen
978 2981 1073 3052 nullo
1090 2983 1224 3054 meliori
1242 2979 1343 3052 modo
1362 2979 1453 3052 ellici
1470 2987 1598 3076 potest,
1617 3003 1716 3076 quam
1730 2985 1759 3055 si
1773 2992 1912 3078 praeter
1927 3005 2009 3080 apo·
2126 3003 2134 3019 ·

376 3087 517 3182 grapho,
546 3085 808 3177 diligentissime
827 3085 863 3152 in
878 3103 977 3154 usum
1004 3081 1257 3176 typothetarum
1287 3079 1470 3176 descripto,
1496 3080 1683 3177 archetypa
1713 3105 1850 3180 semper
1880 3085 1950 3158 sint
1966 3083 2010 3156 ad

376 3208 510 3260 manum
527 3188 615 3278 ejus,
642 3187 698 3278 qui
715 3183 864 3278 plagulis
882 3179 1101 3254 emendandis
1115 3191 1262 3278 praeest.
1280 3181 1517 3277 Maximopere
1534 3185 1648 3276 itaque
1665 3181 1765 3256 nohis
1780 3183 2011 3278 exoptandum

377 3289 480 3376 leret,
507 3289 538 3360 si
557 3285 743 3378 archetypa
760 3281 860 3354 nohis
877 3282 1003 3354 tamdiu
1020 3287 1184 3356 committi
1201 3285 1347 3378 possint,
1367 3281 1444 3354 dum
1462 3282 1549 3355 liher
1564 3286 1700 3376 integre
1718 3287 1811 3380 typis
1830 3282 2010 3356 descrihe-

376 3399 449 3477 tur3
475 3390 522 3460 ita
540 3389 629 3458 enim
648 3405 767 3456 omnes
785 3381 1023 3476 difficultates,
1050 3406 1136 3480 quae
1153 3405 1391 3478 nonnunquam
1409 3387 1574 3474 oriuntur,
1600 3388 1767 3480 superari,
1794 3393 1829 3456 et
1847 3385 2009 3480 scrupuli,

377 3493 433 3585 qui
452 3489 660 3610 injiciuntur,
686 3505 731 3558 ue
748 3507 834 3582 opus
853 3493 922 3557 lem
938 3487 1051 3579 magni
1081 3489 1243 3558 momenti
1273 3489 1384 3558 minus
1412 3484 1591 3558 emendate
1609 3485 1818 3584 descriptum
1834 3486 2010 3580 vulgetur,

377 3588 837 3784 pmoohddglddddudddsmodi,
854 3685 904 3757 nti
921 3689 1029 3782 primo
1048 3695 1141 3759 tomo
1160 3687 1292 3780 adjecta
1309 3688 1543 3778 inveniuntur,
1560 3685 1605 3758 oh
1623 3687 1885 3761 commodiorem
1898 3708 2009 3776 mum,

377 3791 562 3912 postepiori
579 3787 711 3860 demum
729 3786 828 3878 hujus
846 3791 929 3859 torni
945 3789 1033 3884 parti
1050 3786 1309 3882 subjungentur,
1327 3810 1436 3884 aeque
1454 3811 1495 3862 ac
1512 3787 1677 3882 addenda,
1704 3809 1792 3883 quae
1808 3791 2008 3862 necessaria

377 3892 700 4084 vrdencppppgrpppp,
727 4009 813 4084 quae
830 4011 920 4062 nunc
937 3988 1233 4088 deprehendimus,
1252 4013 1400 4087 sequens
1418 3991 1545 4087 pagina
1563 3990 1712 4064 indicata
1729 3985 1878 4064 exhibet

530 4291 660 4342 vesanae
672 4290 698 4340 d.
712 4294 723 4338 l
737 4289 877 4340 Novembris
891 4291 964 4340 uest.
