4878 5942
1122 735 1294 808 -318
1361 776 1394 787 -

1148 1031 1360 1149 oculu.

495 1270 845 1368 Wolborlae,
882 1288 1037 1358 anno
1069 1267 1218 1355 1310
1246 1269 1339 1370 dia
1365 1267 1404 1354 2
1429 1270 1631 1388 mensis
1663 1270 2019 1373 septembris.

428 1473 666 1550 monnulus
686 1473 859 1565 Episcopus
871 1471 1143 1548 Wlndlslunicnsin
1157 1471 1280 1546 cuidam
1301 1441 1429 1545 llloolio
1442 1453 1653 1546 molendinum
1666 1473 1864 1541 Raeolousle·
1891 1476 1975 1562 mun
1999 1493 2071 1567 prn-

637 1594 679 1666 pc
693 1577 800 1650 nillum
818 1576 985 1644 cennaco
999 1573 1095 1648 silum
1110 1574 1182 1668 jure
1199 1573 1409 1650 haereditario
1431 1573 1660 1662 possidendum
1677 1575 1801 1648 confort
1822 1577 1870 1663 (¹).

539 1769 583 1856 ln
603 1769 752 1857 nomine
772 1765 928 1872 domini,
948 1795 1071 1852 amen.
1112 1761 1297 1852 Nouerint
1318 1763 1454 1882 quibus
1477 1761 1629 1880 expedit
1650 1763 1830 1851 uniuersi:
1862 1762 1979 1878 Quod
1999 1795 2072 1853 nos

438 1885 654 1987 Sbilulbus,
696 1884 819 1971 diuina
850 1899 888 1972 et
916 1883 1126 2001 apostolice
1152 1881 1256 1970 sedis
1283 1881 1525 1998 prouidencia
1564 1873 1881 1969 wladislauiensis
1909 1883 2073 1972 ecclesie

437 2007 569 2124 episco
599 2034 663 2107 ue,
693 2003 887 2118 cupientes
915 2001 1218 2088 melioracionem
1250 1997 1435 2088 bonorum
1456 2014 1669 2090 nostrorum
1692 2015 1729 2087 el
1749 2000 1911 2088 ecclesie
1941 2015 2071 2088 nostre

436 2035 752 2208 wladislauiensis
773 2117 952 2234 predicte,
972 2131 1013 2203 ut
1033 2149 1081 2204 ex
1100 2121 1165 2223 eis,
1182 2131 1339 2204 auclore
1354 2117 1515 2222 domino,
1538 2117 1681 2205 lruclus
1703 2117 1897 2206 uberiores
1918 2118 2070 2208 veleant

438 2239 657 2358 prouenire‚
678 2236 843 2323 discreto
864 2237 947 2322 viro
967 2233 1129 2322 Nicolao
1152 2233 1437 2322 molendinatori
1466 2250 1598 2323 nostro
1626 2233 1875 2322 molendinum
1897 2251 2069 2324 nostrum

438 2360 685 2445 Rosolorosln'
719 2363 817 2466 mlyo
854 2353 1048 2471 wlgariler
1081 2367 1352 2468 nuncupatum,
1390 2353 1500 2440 silum
1539 2355 1576 2440 in
1621 2366 1723 2439 lerna
1759 2353 1909 2440 Siradie
1948 2383 2070 2473 prope

439 2475 562 2564 uillam
585 2487 752 2559 nostram
776 2475 1030 2572 Cornoezaenc,
1062 2471 1183 2558 eidem
1205 2469 1364 2558 Nicolao
1395 2485 1433 2558 et
1452 2471 1532 2557 suis
1553 2471 1716 2587 posteris
1754 2470 1889 2558 damus
1919 2487 1957 2560 el
1977 2501 2068 2558 con-

439 2590 586 2679 tulimus
601 2591 688 2706 jure
709 2587 954 2695 hereditario,
986 2587 1145 2704 pacifice
1166 2601 1204 2674 el
1224 2590 1347 2708 quiele
1367 2587 1658 2706 possidendum,
1680 2590 1730 2696 ila
1752 2588 1942 2696 videlicet,
1989 2587 2066 2678 uod

436 2713 474 2796 in
497 2709 599 2796 diclo
621 2706 836 2795 molendino
858 2733 929 2792 nos
949 2720 987 2792 et
1006 2709 1125 2793 ncslri
1156 2735 1407 2794 successores
1438 2704 1536 2793 dues
1555 2721 1752 2812 melrelas,
1784 2723 1822 2795 et
1840 2621 2068 2795 molendina·

437 2841 500 2914 lor
519 2829 601 2944 ipse
622 2855 706 2912 cum
723 2826 802 2912 suis
823 2827 987 2942 posteris
1015 2826 1169 2912 [erciam
1198 2825 1432 2941 recipiemus.
1484 2824 1630 2913 Damus
1652 2825 1771 2911 eciem
1793 2823 1965 2942 predicto
1985 2855 2068 2914 mo·

435 2943 659 3032 lendina'lori
689 2955 726 3030 el
750 2942 829 3030 suis
864 2941 1073 3062 legitimis·
1097 2943 1147 3028 de
1181 2941 1517 3062 graciaspeciali,
1557 2941 1605 3030 de
1633 2943 1775 3030 rubetis
1806 2941 1944 3030 ibidem
1965 2944 2068 3031 circa

437 3060 688 3150 molendinum
710 3059 934 3164 iacentibus,
965 3062 1001 3146 in
1023 3075 1160 3149 lanlum
1183 3089 1253 3178 pro
1274 3061 1485 3178 usu'ipsius
1506 3063 1715 3179 extirpare,
1737 3075 1915 3178 quanlum
1936 3063 1972 3150 in
1993 3063 2067 3149 eis·

439 3179 526 3268 dem
549 3209 618 3266 sex
639 3207 838 3267 mensuras
853 3177 1021 3296 siliginis,
1053 3209 1120 3266 seu
1142 3179 1276 3296 quouis
1297 3176 1371 3266 alio
1393 3179 1669 3291 lrumenlolsic)
1684 3179 1847 3294 (polteril
1868 3181 2065 3270 seminare.

439 3299 649 3386 Slaluimus
671 3299 807 3402 eciam,
840 3296 943 3413 quod
973 3327 1044 3416 pro
1066 3297 1228 3384 uberiori
1249 3293 1518 3384 informacione
1539 3296 1739 3384 molendini
1761 3297 1977 3414 supradicti,
1998 3299 2069 3384 sci-

349 3465 351 3471 *
436 3417 526 3503 licet
558 3417 716 3533 aggeris
747 3428 784 3503 et
810 3416 1013 3532 empcione
1035 3414 1197 3532 lapidum
1220 3443 1386 3501 necnon
1408 3415 1779 3519 ellenrimenlcrum‚
1810 3414 1976 3502 simililer
1995 3443 2068 3501 nos

438 3550 475 3620 el
507 3536 627 3622 nostri
655 3560 907 3620 successores
944 3532 1042 3619 duos
1072 3533 1250 3620 denarios
1285 3562 1489 3650 ponemuS,
1520 3547 1555 3619 el
1585 3534 1667 3650 ipse
1687 3532 1962 3620 molendinalor
1982 3561 2068 3619 cum

437 3651 521 3738 suis
539 3652 707 3767 posteris
729 3654 883 3736 lercium
905 3677 1049 3766 ponere
1070 3651 1115 3738 sil
1147 3652 1333 3737 aslrielus.
1387 3649 1658 3739 Ordinauimus
1689 3653 1830 3756 eciem,
1861 3650 1964 3768 quod
1987 3651 2068 3766 ipse

434 3765 713 3856 molendinalor
727 3765 844 3854 debel
865 3798 952 3854 esse
975 3781 1155 3854 constans
1178 3783 1216 3855 el
1235 3766 1374 3873 fidelis,
1408 3769 1591 3855 lrumenla
1620 3771 1657 3856 in
1686 3769 1769 3886 ipso
1794 3767 2007 3856 molendino
2027 3767 2067 3855 fi..

436 3885 576 3973 delile'r'·
597 3899 646 3973 el·
664 3884 810 4004 absque
840 3884 930 3972 dclc
952 3884 1162 3971 hominibus
1183 3885 1373 3972 molendo.
1423 3885 1598 4005 Alioquin
1619 3889 1651 3973 si
1671 3885 1842 3974 homines
1869 3887 2066 3974 molientes

434 4005 515 4116 (sic)
549 4005 731 4091 frumenta
767 4005 934 4120 ipsorum
971 4005 1007 4088 in
1048 4002 1243 4120 sepedicto
1280 4003 1514 4107 molendino,
1561 4003 1750 4092 aduersus
1791 4003 2063 4094 molendinato-

434 4153 512 4209 rem
540 4120 816 4237 supradictum·²
856 4153 926 4239 pro
961 4121 1085 4240 alique
1124 4120 1337 4230 inlidclilele
1372 4153 1441 4209 seu
1476 4123 1614 4240 iniurijs
1650 4121 1742 4239 ipsis
1776 4121 1884 4210 ilaus
1927 4151 2063 4241 queru-

433 4240 500 4326 lari
537 4237 750 4358 conlingat,
784 4239 885 4358 quod
916 4239 1031 4343 absit,
1065 4253 1202 4325 extunc
1230 4239 1422 4356 predictus
1457 4239 1732 4336 molendinalor
1768 4269 1876 4328 suam
1907 4239 2061 4326 terciam

434 4372 577 4476 perlem
612 4357 812 4445 molendini
848 4356 988 4446 vendal
1022 4357 1140 4443 libere
1174 4372 1209 4444 el
1240 4363 1394 4466 secure,
1433 4357 1482 4445 illi
1511 4373 1656 4461 lamen,
1684 4387 1795 4475 quem
1824 4387 1898 4446 nos
1927 4370 1966 4445 el
1992 4386 2062 4445 no·

438 4476 505 4562 slri
540 4501 790 4564 successores
827 4475 1041 4563 duxerimus
1076 4473 1354 4562 admillendum.
1406 4475 1458 4562 Ut
1486 4491 1610 4564 aulem
1639 4475 1713 4563 heo
1740 4491 1870 4564 nostra
1899 4473 2063 4565 donacio

535 4771 574 4857 (¹)
599 4774 644 4838 Ex
660 4773 820 4862 archetypo
836 4776 1067 4844 membranaceo
1077 4776 1215 4845 tabularii
1231 4775 1351 4864 capituli
1367 4775 1638 4844 Wladislouiensis.
1680 4775 1775 4861 sigilli
1790 4775 1908 4864 abrupti
1922 4781 2062 4862 superest
2083 4832 2086 4844 ,

431 4867 547 4925 lembum
562 4857 692 4926 tueniola
708 4879 901 4944 pergamena·
1132 4879 1136 4884 ·
