4878 5942
1062 800 1105 812 ..
1161 760 1235 832 2133
1282 801 1334 814 ...-

360 954 469 1049 ὐοηί
487 957 640 1076 insuper
654 956 777 1046 incole
798 954 955 1074 predicti
982 957 1032 1047 de
1046 959 1212 1073 quolibet
1230 990 1364 1048 manso
1377 991 1496 1048 unam
1518 961 1738 1050 maldratam
1770 965 1924 1084 triplicis
1940 967 2012 1056 lru·

379 1081 494 1167 menti
514 1075 679 1165 similiter
699 1077 735 1163 io
757 1076 852 1162 leste
874 1075 973 1162 beati
991 1076 1165 1185 Martini,
1187 1079 1360 1184 videlicet
1380 1078 1476 1166 duas
1496 1109 1693 1168 mensuras
1713 1083 1830 1189 tritici,
1853 1099 2013 1196 quatuor

381 1197 539 1318 siliginis
559 1211 597 1284 et
617 1224 685 1282 sex
706 1223 839 1298 anone,
860 1194 1028 1311 expirata
1049 1226 1116 1282 sex
1138 1226 1321 1285 annorum
1342 1197 1522 1284 libertate.
1546 1197 1670 1311 Quem
1692 1230 1849 1288 censum
1870 1205 2012 1292 etmal-

380 1316 512 1404 dratas
527 1313 720 1432 predictus
733 1310 939 1400 scoltlretus
955 1325 993 1400 et
1008 1314 1066 1400 sui
1081 1316 1224 1432 posteri
1240 1318 1392 1435 exigant
1407 1329 1445 1403 et
1460 1316 1649 1432 colligent,
1670 1332 1709 1404 et
1724 1318 1844 1406 eidem
1860 1319 2013 1412 domino

381 1433 541 1521 Nicolao
570 1445 608 1517 et
629 1431 707 1518 suis
729 1431 1017 1518 successoribus
1046 1434 1279 1552 integraliter
1300 1434 1580 1552 presentabunt.
1611 1434 1797 1544 Octulani,
1811 1440 1853 1524 'si
1875 1440 1937 1550 qui
1958 1441 2012 1526 lu-

381 1551 491 1657 erint,
521 1551 569 1637 dc
590 1563 674 1636 orto
695 1546 861 1660 quolibet
881 1549 1061 1638 fertonem
1084 1549 1323 1640 denariorum
1346 1551 1522 1640 monethe
1543 1553 1730 1670 predicte,
1762 1557 1909 1672 prelato
1937 1555 2008 1646 do·

382 1673 480 1758 minu
500 1667 661 1756 Nicolao
683 1684 720 1754 et
740 1669 820 1754 suis
840 1668 1131 1757 successoribus
1150 1671 1188 1758 in
1210 1671 1307 1758 lesto
1330 1673 1428 1756 beati
1452 1671 1601 1758 Martini
1623 1669 1793 1760 similiter
1813 1688 2010 1790 presenta-

381 1791 472 1876 bunt
506 1817 591 1874 cum
620 1785 730 1904 pullis
750 1797 923 1896 quatuor.
948 1785 1044 1874 Item
1074 1788 1197 1875 incole
1217 1789 1290 1874 iam
1318 1788 1404 1874 dicti
1426 1787 1522 1876 duas
1542 1788 1661 1878 lastas
1682 1791 1852 1880 frumenti
1881 1793 1919 1878 in
1940 1826 2013 1882 on·
2103 1817 2113 1832 ’

382 1915 521 2020 tecuam
545 1910 838 2007 Wtcdislcciam,
858 1905 918 1990 vel
941 1905 975 1991 in
997 1911 1126 2008 Brest,
1148 1907 1226 1993 suis
1248 1895 1457 2024 sumptibus
1480 1921 1516 1994 et
1538 1910 1739 2024 expensis,
1771 1937 1819 1999 ac
1840 1911 2013 2000 utensilia

381 2055 451 2112 seu
472 2049 661 2140 expensas
681 2051 773 2109 suas
795 2021 943 2108 dnobus
964 2023 1136 2110 curribus
1156 2023 1207 2110 ad
1222 2024 1309 2112 loca
1330 2039 1536 2111 memorata
1557 2026 1715 2144 singulis
1735 2029 1844 2113 annis
1865 2027 1915 2114 ad
1940 2029 2011 2116 tria

382 2143 491 2244 leste,
513 2138 686 2229 videlicet
706 2141 905 2228 natiuitatis
934 2139 1090 2248 Christi,
1118 2140 1272 2230 Pasohe
1293 2157 1331 2230 et
1351 2142 1628 2259 assumpcicnis
1650 2145 1760 2231 beate
1779 2145 1923 2252 Maria,
1945 2145 2013 2232 de·

385 2259 525 2348 ducere
549 2257 785 2347 tenebuntur.
826 2257 964 2346 Tribus
986 2285 1137 2371 quoque
1158 2259 1292 2347 diebus
1314 2259 1364 2346 ad
1385 2260 1591 2376 hyemalia,
1620 2275 1658 2348 et
1678 2290 1753 2350 uno
1775 2261 1825 2350 ad
1846 2263 2016 2350 estiualia

382 2405 494 2467 arare
513 2391 695 2495 perpetuo
725 2379 799 2463 sint
819 2378 971 2462 astricti.
1001 2376 1193 2462 ludicabit
1212 2393 1336 2464 autem
1357 2377 1564 2464 scoltbetus
1595 2380 1694 2494 ipse,
1719 2395 1756 2467 et
1777 2383 1836 2467 sui
1858 2384 2013 2498 posteri,

384 2525 516 2585 omnes
537 2523 675 2580 causas
697 2491 825 2578 ciuiles
855 2505 892 2580 et
912 2493 1138 2598 criminales,
1171 2495 1264 2581 inlra
1286 2497 1464 2583 terminos
1485 2495 1652 2582 eiusdem
1674 2495 1892 2587 hereditatis
1915 2530 2011 2587 con·

383 2616 590 2732 tingentem
624 2624 799 2730 presente
828 2613 965 2700 nuncio
987 2610 1125 2698 domini
1150 2611 1296 2700 Nicolai
1317 2627 1354 2700 et
1374 2642 1527 2700 suorum
1549 2643 1817 2702 successorum
1838 2619 2014 2734 generali

384 2731 445 2820 vel
464 2729 631 2848 speciali.
665 2729 723 2815 De
737 2727 916 2846 judicatis
944 2759 1037 2819 vero
1058 2729 1180 2820 dictus
1202 2729 1373 2818 dominus
1394 2729 1578 2818 Nicolaus
1611 2747 1648 2818 et
1669 2733 1726 2817 sni
1747 2761 2011 2835 successores,

384 2849 482 2937 duos
511 2847 688 2942 deuterius
714 2848 906 2963 recipient,
929 2863 966 2935 ct
996 2847 1202 2938 scclthatus
1230 2879 1314 2936 cum
1351 2851 1429 2935 suis
1457 2851 1620 2966 posteris
1647 2852 1801 2936 tercium
1828 2851 2012 2938 retinebit.

384 2967 544 3086 Insuper
563 2965 685 3054 incole
705 2964 790 3052 ville
809 2967 882 3050 iam
900 2965 1010 3072 dicte,
1032 2995 1189 3082 porcum
1211 2997 1280 3086 prc
1302 2966 1454 3054 dimidia
1476 2997 1603 3054 marea
1637 2967 1879 3055 denariorum
1899 2999 2014 3057 usua-

292 3134 297 3150 ι
385 3086 470 3174 lium
498 3083 548 3172 ad
569 3085 795 3172 natiuitatem
823 3083 981 3186 Christi,
1009 3085 1107 3184 duos
1133 3085 1327 3204 agnellos,
1354 3097 1391 3172 et
1412 3114 1481 3204 per
1510 3087 1672 3203 quinque
1703 3115 1777 3172 cua
1808 3084 1857 3172 de
1879 3117 2013 3176 manso

385 3203 550 3322 quolibet
576 3201 626 3289 ad
649 3201 745 3289 diem
773 3203 928 3320 pasche,
948 3204 1055 3290 annis
1076 3205 1254 3323 singulm,
1273 3217 1322 3291 ct
1341 3202 1510 3322 prandijs
1542 3204 1681 3309 tribus,
1713 3203 1922 3290 scoltbetus
1943 3219 2015 3322 pr'o

385 3351 460 3409 uno
481 3323 663 3408 lentunen
685 3319 944 3424 denariorum,
967 3335 1004 3408 et
1025 3319 1146 3408 incole
1168 3351 1237 3439 pro
1260 3321 1408 3410 duobus
1430 3321 1619 3408 dimidiam
1642 3351 1828 3425 maroam,
1851 3323 2016 3412 similiter

386 3441 494 3528 annis
516 3439 686 3559 singulis,
707 3438 756 3525 ad
778 3437 967 3558 colloquia
987 3439 1182 3559 generalia
1204 3439 1339 3529 dandis
1360 3443 1396 3528 in
1418 3439 1542 3526 medio
1563 3439 1866 3560 quadragesime,
1889 3442 1975 3558 puel
1997 3495 2014 3510 -

387 3572 426 3647 to
447 3549 599 3672 domino
620 3553 782 3644 Nioolao
803 3570 839 3642 et
861 3560 940 3644 suis
961 3558 1251 3646 successoribus
1282 3573 1465 3676 perpetuo
1496 3559 1755 3677 assignabunt.
1797 3559 2014 3650 Scolthetus

356 3747 359 3754 .
387 3678 469 3792 ipse
486 3689 523 3762 et
544 3677 601 3763 sui
622 3677 764 3791 posteri
785 3703 833 3762 ac
862 3676 986 3763 incole
1007 3673 1091 3763 ville
1112 3677 1249 3792 ipsius,
1281 3679 1318 3764 in
1338 3677 1471 3764 eadem
1493 3676 1579 3768 villa
1601 3676 1850 3794 personaliter
1870 3677 2015 3764 reside·

387 3793 496 3882 bunt:
530 3807 605 3882 non
628 3795 823 3898 facientes,
853 3793 1061 3883 scoltbetus
1082 3794 1307 3902 scoltbeoia,
1330 3811 1365 3884 ct
1387 3796 1546 3885 villanus
1583 3797 1724 3882 mansis
1757 3809 1912 3882 careant
1932 3797 2015 3910 ipso

385 3913 498 4000 lacto.
531 3909 663 3999 Nullus
685 3914 804 3998 eciam
825 3913 986 4008 villanus
1004 3913 1100 4032 plus,
1119 3945 1230 4034 quam
1245 3945 1357 4002 unum
1379 3944 1548 4002 mansum
1571 3915 1655 4000 inibi
1678 3912 1816 3999 debeat
1837 3913 2015 3999 obtinere.

387 4030 605 4118 Scnltbetus
627 4032 745 4117 eciam
766 4033 933 4148 prelatus
962 4047 998 4120 et
1019 4033 1075 4119 sui
1096 4033 1256 4149 posteri,
1283 4031 1523 4120 scoltheoiam
1546 4029 1705 4114 eandem
1731 4031 1817 4115 nulli
1838 4029 2015 4134 vendere,

387 4148 544 4249 donare,
567 4149 748 4264 obligare,
771 4148 830 4235 vel
853 4148 1101 4268 quomodouis
1122 4149 1299 4249 alienare,
1321 4149 1404 4252 sine
1420 4147 1614 4235 voluntate
1636 4160 1763 4231 nostra
1786 4161 1823 4232 ct
1843 4147 2015 4234 canonici

387 4265 543 4384 predicti
565 4281 602 4354 et
623 4295 775 4352 sucrum
796 4296 1074 4374 successorum,
1095 4267 1131 4352 in
1153 4279 1230 4355 toto
1253 4267 1311 4353 uel
1333 4267 1369 4351 in
1391 4278 1507 4384 parte,
1529 4279 1759 4382 presumant.
1780 4261 1877 4352 Etsi
1893 4265 2016 4384 ipsum

389 4385 578 4474 dominum
609 4381 805 4471 Nicolaum
835 4384 1042 4502 predictum
1070 4399 1107 4472 et
1128 4414 1221 4472 suos
1251 4413 1521 4489 successoreS,
1547 4381 1596 4469 de
1625 4384 1708 4500 ipso
1739 4381 1927 4476 scoltlreto
1956 4383 2015 4472 vel
2053 4444 2059 4456 ·

389 4505 468 4592 suis
499 4505 660 4622 posteris
691 4499 829 4620 aliquid
860 4529 980 4622 agere
1008 4503 1068 4589 vel
1098 4501 1285 4622 querulari
1314 4503 1525 4621 contingat,
1546 4503 1633 4620 jure
1665 4499 1958 4621 meydburgensi
1979 4503 2015 4588 in

390 4623 494 4710 curia
516 4624 587 4710 iam
616 4621 702 4708 dicti
724 4619 865 4707 domini
892 4633 928 4708 et
949 4649 1102 4708 suorum
1124 4625 1389 4709 successorum
1419 4620 1556 4707 ibidem
1584 4621 1618 4706 in
1644 4623 1856 4706 Ctomrnmo
1886 4649 2015 4707 coram

383 4739 533 4857 judice,
564 4771 674 4859 quem
695 4737 745 4828 ad
765 4737 840 4826 huc
862 4739 1050 4856 posuerit,
1080 4737 1344 4858 respondebit
1367 4739 1548 4828 Preterea
1569 4737 1775 4826 scolthetos
1796 4735 1879 4853 ipse
1900 4750 1938 4823 et
1958 4738 2016 4825 sui

391 4861 544 4976 posteri,
566 4889 612 4945 ac
633 4857 755 4946 incole
776 4857 860 4946 ville
880 4857 1008 4975 ipsius,
1030 4859 1199 4977 expirato
1220 4859 1401 4967 libertate,
1423 4859 1494 4977 ipsi
1515 4856 1669 4945 domino
1691 4853 1854 4944 Nicolao
1877 4871 1912 4943 ct
1935 4855 2015 4942 suis
