4878 5942
1060 745 1335 822 -B‘ll—

479 1071 483 1080 ·
613 1105 617 1114 ·
823 1118 827 1128 ·
1073 1043 1412 1170 cocu*
1596 1103 1598 1110 ι

497 1211 504 1262 ⁷
759 1279 890 1364 Sine
915 1233 1045 1365 loco
1072 1226 1650 1384 111111111111111409,
1711 1359 1715 1371 ,

390 1479 574 1558 Petrus
588 1463 739 1576 plebum
753 1481 785 1556 in
799 1421 875 1553 rltlr
895 1481 1055 1550 Permane
1075 1479 1150 1554 mn
1171 1477 1254 1553 lutor
1267 1477 1464 1560 ronuoum
1485 1479 1654 1554 haeredem
1675 1479 1770 1554 uillae
1790 1465 1958 1572 (tapetium
1979 1483 2014 1556 ot

373 1597 376 1604 “
493 1663 497 1670 ,
527 1581 764 1670 clarmanum,
774 1581 939 1676 plenum
952 1583 985 1658 lu
997 1581 1073 1658 nm
1087 1580 1217 1673 mooun
1230 1581 1390 1702 Byezeete
1401 1581 1491 1706 illota
1503 1584 1635 1702 amitas
1649 1581 1809 1674 murum
1823 1585 1876 1670 (¹).
1898 1611 1903 1621 ·

484 1789 567 1878 Nos
593 1789 833 1878 Thomislaus
848 1815 870 1893 ,·
885 1788 997 1877 heros
1025 1787 1061 1874 in
1095 1791 1300 1900 Gopclmc,
1340 1786 1514 1875 omnibus
1542 1799 1617 1875 tam
1638 1788 1876 1905 presentibus
1898 1811 2010 1900 quam

383 1909 514 1998 luturis
533 1907 681 2026 publice
701 1906 937 2024 prolitemur:
980 1904 1097 2020 Quod
1120 1935 1204 1992 oum
1226 1908 1320 1994 inter
1339 1935 1412 1992 nos
1432 1913 1479 1994 ex
1499 1933 1592 2012 una,
1624 1919 1661 1993 et
1681 1905 1938 1994 honorabilem
1959 1907 2012 1992 vi·

383 2024 672 2140 rum-dominum
694 2024 1202 2142 Slawoboriumsplebauom
1222 2024 1430 2142 inlanliqua
1454 2030 1685 2138 Bysszom'm
1716 2023 1892 2126 nonnulle
1920 2023 2013 2128 lites,

384 2143 644 2232 controuersia
664 2157 701 2230 et
720 2143 827 2248 odia,
848 2173 918 2259 pro
933 2156 971 2229 et
991 2171 1106 2258 super
1127 2140 1349 2254 quibusdam
1371 2141 1507 2230 debitis
1528 2171 1576 2229 ao
1596 2143 1837 2259 pecuniarum
1858 2142 2013 2228 summis

383 2263 538 2350 luissent
557 2261 737 2348 suscitate
758 2277 795 2348 et
815 2275 965 2362 exorte,
996 2291 1068 2347 nos
1089 2273 1201 2375 prout
1220 2260 1317 2345 lilioli
1339 2255 1579 2361 obediencia,
1610 2257 1660 2346 ad
1681 2291 1793 2376 quam
1814 2287 1908 2378 erga
1930 2288 2013 2374 pre·

383 2381 496 2467 latum
518 2377 705 2464 dominum
726 2379 1004 2462 Slawoborium
1025 2405 1156 2457 suiuus
1176 2375 1250 2458 obli
1281 2376 1350 2475 ati,
1372 2377 1522 2458 amoniti
1543 2375 1652 2460 dictis
1673 2377 1821 2480 litibus,'
1836 2375 2013 2492 quantum

384 2501 420 2585 in
443 2495 559 2585 nobis
572 2494 654 2593 luit,
686 2491 798 2577 linem
819 2489 1017 2606 inponere,
1048 2517 1097 2574 ac
1117 2488 1165 2574 ab
1188 2401 1328 2573 cisium
1351 2489 1623 2604 conquiescere
1645 2491 1829 2577 uolentes
1850 2492 1955 2600 (sic),
1977 2493 2013 2578 in

385 2613 589 2704 discretum
610 2610 728 2696 virum
751 2605 940 2724 dominum
962 2607 1115 2694 Petrum
1128 2602 1411 2692 'Bacoallarium
1432 2605 1515 2716 (sio)
1536 2605 1572 2689 in
1593 2605 1737 2690 artibus
1757 2621 1794 2692 et
1813 2605 2014 2720 plebanum

388 2734 423 2820 in
445 2737 660 2831 Permane,
691 2726 740 2812 de
764 2725 841 2812 altu
869 2738 909 2811 et
926 2723 1064 2828 basso,
1094 2751 1166 2838 pro
1187 2720 1367 2808 ‘omnibus
1394 2735 1432 2810 ot
1452 2719 1789 2841 singulisinjurijs,
1820 2721 1956 2810 debitis
1976 2739 2015 2810 et

384 2849 525 2952 litibus,
546 2845 864 2969 pecuniarumque
876 2843 1051 2947 summis,
1073 2870 1158 2928 oum
1178 2839 1363 2927 clausuris
1384 2839 1600 2956 oportunis,
1620 2867 1695 2926 una
1716 2868 1801 2927 cum
1821 2837 1922 2927 dicto
1943 2837 2015 2928 do·

384 2968 485 3058 mino
505 2962 748 3060 Slawuburio
768 2975 958 3082 tamquam
979 2957 1234 3066 iambicum,
1265 2957 1525 3046 arbitratorem
1546 2968 1584 3043 et
1603 2957 1836 3046 amicabilem
1857 2985 2013 3076 cumpo-

383 3077 535 3176 sitore'm
557 3080 893 3200 compromisimus,
913 3077 984 3181 sub
1000 3076 1087 3167 lldei
1108 3069 1375 3166 ratihabiciune
1396 3089 1434 3164 et
1453 3075 1638 3194 solempni
1653 3075 2015 3193 stipulacionetuuo

385 3232 456 3324 per
475 3230 545 3290 nos
566 3199 615 3288 ad
637 3222 771 3286 manus
792 3198 877 3285 dicti
900 3195 1039 3284 domiui
1059 3195 1161 3282 Petri
1182 3195 1282 3281 lacta
1314 3209 1351 3282 et
1370 3193 1578 3312 peripsum
1600 3191 1762 3299 dictata,
1792 3189 2012 3282 inviolabili.

386 3336 445 3410 ter
464 3319 712 3410 obseruaturi.
765 3315 842 3430 Qui
878 3314 1027 3433 quidem
1063 3312 1236 3401 dominus
1256 3312 1411 3415 Petrus,
1441 3324 1630 3430 tamquam
1666 3311 1823 3417 arbiter,
1853 3309 2013 3398 arbitre-

385 3451 446 3526 tor
476 3451 514 3526 et
534 3435 737 3524 amicabilis
774 3434 1025 3552 compositor,
1060 3461 1159 3548 peoa
1180 3430 1431 3548 quadraginta
1465 3457 1675 3516 marcarum
1706 3427 2014 3545 prothenicalium

386 3586 456 3674 per
475 3569 619 3674 partem
641 3583 715 3659 non
738 3567 923 3638 tenentem
945 3551 1153 3668 peripsum
1174 3549 1444 3667 pronunociata
1465 3559 1503 3632 et
1519 3545 1682 3660 laudata,
1699 3546 1828 3666 viginti
1852 3543 2016 3633 ecclesio

385 3679 668 3786 Bysszoue‘emi‚
709 3685 747 3756 et
774 3669 904 3804 viginti
929 3667 1028 3784 parti
1056 3669 1192 3755 tenenti
1221 3665 1487 3754 solvendarum
1522 3664 1679 3766 vallata,
1712 3661 2015 3782 pronunceiauit,

243 3894 246 3903 ¹
387 3789 596 3881 declarauit
621 3806 657 3876 et
684 3786 866 3874 laudauit:
904 3783 1022 3901 Quod
1049 3783 1286 3874 cessantibus
1308 3783 1479 3871 omnibus
1498 3775 1681 3872 anteactis
1703 3783 1842 3900 injurijs
1873 3794 1909 3866 et
1931 3779 2013 3898 qui-

385 3907 621 4022 buscumque
640 3905 786 4010 debitis,
806 3905 1003 4024 prasertim
1024 3903 1182 3992 duarum
1210 3895 1431 4006 marcarum,
1453 3899 1567 3996 nlioto
1588 3901 1740 3988 domino
1769 3895 2011 4000 Slauoborio

387 4052 458 4143 per
492 4054 563 4112 nus
590 4021 783 4129 mutuatis,
820 4053 867 4111 ao
893 4023 977 4140 alijs
996 4023 1294 4139 quibuscumque
1320 4021 1447 4136 pernis
1467 4018 1549 4125 (sio)
1571 4033 1608 4103 et
1626 4016 1796 4135 magnis,
1827 4014 1930 4100 scitis
1952 4011 2012 4098 uel

388 4141 523 4243 oblitis,
543 4139 762 4255 debitia,'pc
781 4141 876 4257 ipsis
894 4141 930 4226 in
951 4153 1080 4242 totum,
1101 4163 1288 4249 nunquam
1309 4150 1446 4254 expost
1464 4131 1726 4244 mernorandis,
1754 4131 2009 4248 complanatis:

385 4257 474 4348 Nus
493 4256 733 4346 llromislous
753 4255 945 4372 predictus
965 4254 1148 4342 decimam
1169 4267 1418 4390 campestrem
1445 4249 1711 4368 manipularem
1742 4247 1882 4334 diuersi
1902 4249 2014 4366 grani

211 4375 215 4384 ’
309 4374 314 4390 ’
389 4375 580 4510 uidelicet:
593 4381 599 4415 ’·
611 4374 786 4494 siliginis,
819 4373 945 4480 trilici,
975 4397 1114 4480 auena,
1147 4368 1271 4488 order,
1303 4369 1398 4489 pisi,'
1423 4370 1537 4457 scruti
1560 4363 1637 4481 (²),
1669 4381 1705 4456 et·
1731 4365 1885 4454 aliarum
1914 4380 2014 4452 terre

384 4777 760 4864 'tt'ppourumoetsigillum
782 4776 907 4844 minoris
930 4773 1059 4852 omae,
1076 4773 1320 4872 jandeletnmj
1466 4854 1500 4870 ..
1571 4812 1573 4820 ,
1856 4835 1861 4844 ,

328 4877 332 4884 “
489 4863 529 4946 (²)
561 4860 714 4938 8111111111,
736 4859 883 4928 hordeum
895 4859 1057 4939 siccatum,
1080 4880 1116 4926 11
1132 4877 1194 4947 quo
1207 4857 1364 4926 moliuntur
1376 4874 1527 4924 1111111111,
1556 4853 1710 4948 Dutango
1815 4889 1818 4900 ·

1808 4965 1856 5020 m·

388 4701 418 4720 “’
489 4693 530 4778 (¹)
558 4695 605 4761 Ex
618 4693 779 4779 archetypo
804 4690 1034 4762 membranaceo
1056 4687 1192 4756 tabularii
1213 4687 1333 4776 capituli
1355 4685 1624 4754 wladislauiemis
1659 4654 2008 4794 Taouionporg‘amma
