4876 5940
1031 775 1305 851 -189-

353 981 492 1092 Olyee,
525 991 562 1064 et
591 973 787 1066 Godelridi
816 973 975 1064 Abbatis
1006 973 1055 1062 de
1085 983 1256 1092 Petplpn,
1288 1007 1337 1066 ec
1360 976 1480 1064 eciem
1509 1003 1579 1064 sua
1608 975 1658 1064 ad
1687 975 1763 1085 boc
1791 974 1982 1068 voluntate

348 1093 568 1200 accedente,
588 1097 706 1182 cessit
725 1125 796 1183 suo
817 1091 1047 1182 etheredum
1067 1123 1222 1184 suorum
1239 1095 1388 1184 nomine
1408 1092 1590 1182 videlieet:
1608 1093 1814 1202 Michaelis,
1834 1097 1982 1206 iacobi,

348 1209 509 1328 Nycolai
529 1227 568 1300 et
587 1211 777 1330 Stephani,
802 1241 850 1300 ac
869 1226 1080 1300 ceterorum
1101 1215 1307 1300 amicorum
1328 1241 1483 1300 suerum
1502 1211 1551 1299 ab
1573 1212 1780 1302 hereditate
1800 1215 1982 1333 predicte,

348 1331 574 1427 renuncians
595 1331 694 1418 omni
708 1332 784 1448 juri
804 1345 843 1418 et
862 1331 961 1416 omni
981 1331 1224 1446 inpeticioni,
1256 1360 1331 1448 qua
1351 1360 1452 1418 nunc
1472 1345 1509 1418 et
1528 1331 1564 1418 in
1585 1346 1779 1446 posterum
1799 1333 1869 1420 lrui
1889 1363 1981 1449 pos·

349 1461 427 1552 set,
453 1451 656 1569 resignans
675 1450 796 1566 ipsam
817 1477 886 1536 seu
907 1449 1112 1564 assignans
1133 1478 1217 1534 cum
1239 1448 1412 1536 omnibus
1441 1449 1653 1565 utilitatibus
1683 1463 1722 1536 et
1740 1451 1983 1566 proventibus

235 1586 241 1596 ’
350 1566 487 1656 Abbati
515 1581 552 1654 et
572 1569 772 1656 conventui
792 1563 1038 1684 supradietis,
1070 1565 1287 1683 supplicans
1307 1567 1415 1655 nobis
1436 1597 1505 1684 per
1525 1567 1664 1656 litteras
1686 1595 1777 1654 suas
1799 1567 1981 1673 studiose,

349 1686 430 1774 acsi
460 1697 593 1773 nostro
625 1686 846 1802 conspectui
874 1683 1121 1800 personaliter
1141 1685 1353 1788 assisteret,
1384 1701 1423 1772 ut
1443 1684 1602 1772 eandem
1624 1713 1729 1773 suam
1751 1687 1983 1822 resignecio·

182 1883 187 1892 .
313 1889 316 1897 ,
350 1833 434 1892 nem
465 1805 604 1892 nostris
634 1803 763 1891 litteris
795 1801 1022 1937 confirmare
1042 1801 1278 1890 deberemus.
1339 1799 1424 1890 Nos
1445 1803 1558 1938 igitur
1578 1803 1755 1920 precibus
1776 1835 1894 1921 rpsrus
1914 1833 1983 1892 an·

351 1935 530 2027 nuentes‚
561 1921 745 2040 prolectui
775 1935 811 2009 et
831 1919 1035 2008 commodo
1056 1920 1192 2007 domus
1223 1917 1492 2037 Bysseviensts
1512 1919 1708 2010 intendere
1727 1921 1918 2028 volentes,
1945 1937 1986 2010 ut
2141 1935 2144 1943 '

348 2055 537 2145 tenemur,
568 2036 816 2127 donacionem
837 2038 1048 2156 hujusmodi
1075 2039 1168 2156 ipsis
1188 2039 1324 2126 lactem
1346 2038 1584 2158 presentibus
1605 2038 1883 2128 confirmamus.
1935 2037 1985 2127 Et

351 2185 399 2244 ne
420 2165 536 2276 supra
564 2183 611 2244 eu
638 2158 675 2243 in
696 2169 890 2276 posterum
912 2155 1117 2263 dubitetur,
1146 2173 1344 2276 presentes
1365 2157 1554 2246 conscribi
1574 2157 1751 2262 lecimus,
1778 2171 1814 2243 et
1836 2171 1985 2246 nostro·

350 2301 432 2360 rum
465 2273 672 2392 sigillorum
707 2275 906 2362 munimine
938 2275 1122 2380 roborari.
1178 2275 1316 2362 Datum
1353 2279 1603 2378 llladr'sleoie,
1638 2273 1757 2362 Xllll.
1787 2273 1985 2363 Kalendas

353 2391 596 2495 Decembris,
637 2393 749 2480 Anno
786 2393 923 2478 domini
964 2393 1021 2479 Μο
1057 2391 1171 2478 CCC⁰
1198 2391 1366 2480 decimo.
1425 2391 1673 2480 Presentibus
1710 2393 1780 2510 bys
1815 2393 1985 2481 testibus:

351 2508 526 2596 dobanne
547 2507 861 2628 Wisegrodensi,
891 2508 1068 2596 dobanne
1095 2507 1311 2598 Castellano
1334 2510 1428 2595 ultra
1447 2515 1671 2598 Manttovus
1692 2507 1766 2622 (³),
1797 2511 1985 2600 Pribislao

351 2613 487 2714 ludica
503 2623 809 2746 Wisegrodensi,
829 2625 1004 2713 dobanne
1020 2627 1279 2744 subagezone,
1298 2641 1335 2713 et
1350 2627 1432 2712 aliis
1447 2655 1559 2743 quam
1576 2627 1743 2743 pluribus
1758 2626 1832 2714 lide
1849 2626 1985 2746 dignis.
2139 2730 2142 2740 ι

376 3027 435 3093 m
449 2941 497 3092 pp
532 2885 690 3026 ouum'n
711 2943 778 3010 arn
798 2941 907 3010 unua
927 2941 1145 3028 posteriorum
1166 2941 1282 3090 ipim
1306 2941 1512 3020 „monum
1531 2939 1614 3006 eura
1634 2939 1805 3008 mamm
1827 2940 1875 3009 uc
1895 2943 1987 3094 pter

354 3051 375 3094 u

487 3027 631 3094 enthecas
643 3035 689 3094 est
699 3027 789 3104 idern,
804 3025 885 3115 qued
896 3025 973 3092 ultra
985 3027 1144 3094 Mantwas.
1211 3037 1310 3114 ennop
1325 3034 1371 3092 est
1384 3025 1451 3092 ville
1464 3025 1602 3114 Montwy'
1616 3027 1748 3112 regionis
1761 3027 1895 3094 Juniwla
1918 3027 1986 3094 rsla·

353 3111 472 3189 niensis,
486 3113 529 3179 tt
544 3113 581 3177 D.
595 3111 815 3178 Posnaniensis.
847 3113 1044 3177 Territcrc'um
1057 3111 1139 3176 ultra
1153 3111 1305 3176 Mamaeae
1319 3110 1446 3176 sortasse
1460 3109 1597 3194 designat
1610 3117 1715 3189 terras,
1729 3131 1809 3199 quae
1824 3131 1903 3179 nuno
1917 3120 1988 3178 sunt

353 3197 569 3264 Posnenieusis
583 3205 675 3283 atque
689 3196 912 3282 ttydgosttensts
927 3196 1075 3264 tmrltorii.
1112 3195 1176 3262 Sed
1189 3195 1332 3282 quidnam
1347 3194 1404 3262 sibi
1417 3195 1502 3261 velit:
1528 3191 1715 3262 caseum
1728 3195 1810 3260 ultre
1824 3197 1987 3275 Mamm,

354 3279 433 3348 baud
449 3280 535 3348 lacile
549 3289 648 3368 potest
661 3281 788 3348 deliniri.
823 3280 991 3348 Verisimile
1005 3287 1106 3346 temen
1123 3301 1190 3346 esse
1204 3279 1329 3356 ridetur,
1348 3286 1484 3346 nostrum
1499 3279 1697 3366 privilegium,
1710 3301 1804 3368 quum
1819 3302 1837 3345 e
1850 3281 1985 3348 Ducibus
2082 3279 2086 3293 ’

355 3365 583 3452 Cujaviensibus
605 3365 823 3451 proficiscatur,
845 3365 978 3449 ipsorum
1001 3364 1121 3430 ditionis
1143 3365 1219 3430 lines
1241 3385 1302 3430 non
1324 3363 1466 3430 transire:
1487 3363 1536 3429 bie
1557 3363 1658 3450 iteque
1680 3387 1741 3430 non
1762 3365 1820 3430 erit
1833 3385 1933 3431 sermo
1947 3365 1987 3431 de

355 3449 457 3536 aliquo
478 3449 638 3515 castellano
658 3457 758 3514 terrae
779 3448 1007 3526 Poenunieusis,
1029 3467 1124 3535 quum
1140 3447 1250 3513 ibidem
1265 3448 1314 3514 alii
1330 3448 1421 3514 duces
1436 3448 1628 3534 imperarent
1663 3450 1699 3514 ln
1713 3457 1793 3515 torre
1807 3449 1986 3516 Juniwladi·
2009 3479 2017 3500 ,

356 3534 495 3601 slariensi
516 3534 577 3600 duo
597 3541 685 3600 erent
702 3532 872 3610 castellani,
893 3533 1036 3600 niminrm
1054 3531 1373 3599 Juniwladisluriensis
1395 3540 1426 3598 et
1445 3533 1684 3619 Bydgostieosie,
1706 3532 1830 3600 lorsiten
1845 3532 1946 3620 itaque
1960 3534 1986 3600 is

356 3617 506 3704 posterior
519 3617 568 3685 bic
581 3618 756 3704 designatur
770 3616 919 3708 siquidem
934 3638 1044 3684 nomen
1060 3616 1142 3682 ultre
1155 3615 1308 3684 Maroneus
1322 3615 1420 3684 eidem
1434 3615 1641 3704 maximopere
1655 3619 1809 3704 proprium
1825 3627 1913 3684 esset.

1080 3985 1273 4104 tcvttt.

355 4253 915 4352 summouentem,
950 4273 1108 4340 anno
1134 4251 1270 4340 1311
1302 4254 1396 4338 rttc
1418 4251 1461 4336 4
1485 4252 1686 4337 manu
1715 4249 1986 4338 cornero.
2146 4259 2149 4270 '

356 4457 509 4530 lese·
528 4455 614 4529 ttius
634 4453 709 4544 tunt
730 4455 770 4528 tte
790 4453 927 4542 truttee
946 4453 1100 4546 lectoris,
1122 4452 1313 4529 euebrttete
1327 4453 1485 4528 nenton
1499 4455 1535 4527 et
1548 4452 1688 4528 tadntrt
1701 4453 1819 4528 ltuen
1832 4451 1988 4548 werten

358 4553 440 4630 stu
453 4555 634 4645 metente,
647 4553 755 4632 non
768 4571 859 4629 men
875 4555 1071 4640 Senem
1085 4555 1212 4648 dnum,
1226 4554 1377 4629 eoenetto
1392 4553 1644 4634 utrteruerrtu
1654 4553 1858 4648 Brmrtenn
1870 4554 1988 4630 rmttt

1148 4807 1625 4898 commensurantes
1642 4810 1696 4880 nr·
1709 4807 1786 4878 cm.
