4926 5940
1055 755 1329 835 ..383-

381 964 539 1055 sentiu-
570 975 608 1052 et
626 962 855 1082 plantamus,
882 959 1005 1049 lorum
1024 945 1162 1048 annale
1182 958 1266 1072 (sio)
1287 959 1322 1046 ia
1343 956 1440 1047 leste
1459 955 1618 1046 loannis
1637 956 1827 1076 Baptista,
1857 977 1894 1050 et
1915 961 2007 1054 duo·

381 1083 453 1170 bus
474 1079 608 1170 diebus
628 1079 891 1200 sequentibus:
921 1077 1042 1166 lorum
1062 1105 1156 1164 vero
1188 1075 1432 1194 septimanale
1460 1076 1563 1194 lerijs
1584 1077 1761 1166 secundis
1796 1093 2005 1172 statuentes

380 1216 419 1286 et
439 1211 623 1318 ponentes
643 1199 725 1286 lieri
744 1198 780 1284 in
800 1195 934 1282 mdem
953 1195 1105 1282 ciuitate
1125 1195 1315 1312 perpetuis
1337 1193 1566 1312 temporibus
1587 1194 1768 1283 allaturis.
1804 1195 1950 1288 Dantes
1972 1218 2009 1290 ot

381 1316 639 1406 concedentes
660 1315 833 1403 omnibus
854 1328 890 1401 et
910 1311 1069 1430 singulis
1099 1311 1233 1400 incolis
1262 1313 1300 1398 in
1320 1310 1453 1400 eadem
1474 1313 1623 1401 ciuitate
1641 1318 1790 1404 Mozow
1810 1321 2007 1406 Katezom's

335 1450 338 1459 ’
381 1434 589 1522 inhabitare
609 1433 840 1536 volentibus,
869 1433 1050 1520 ucetiam
1080 1428 1131 1517 ad
1152 1429 1358 1548 predictum
1389 1429 1510 1518 lorum
1540 1431 1701 1520 annuale
1727 1462 1813 1520 curu
1834 1443 2006 1525 mercan-

381 1553 450 1669 cijs
472 1553 600 1640 venire
620 1550 849 1656 volentibus,
879 1548 1022 1654 modis,
1052 1547 1387 1636 consuetudinibus
1407 1563 1445 1636 et
1457 1549 1605 1666 juribus
1627 1550 1747 1638 utilrui
1764 1567 1804 1639 et
1824 1552 2008 1673 gaudere,

382 1669 522 1788 quibus
553 1669 676 1757 incole
704 1669 864 1756 ciuitatis
895 1681 1024 1756 nostre
1055 1664 1312 1754 Lancioionsis
1344 1665 1578 1771 utilruuutur,
1608 1667 1779 1788 gaudent
1797 1672 1945 1788 ,pariter
1973 1690 2010 1762 et

382 1787 556 1875 letantur.
584 1787 770 1892 Ceterum,
791 1801 830 1874 ut
850 1785 1020 1904 predicta
1041 1787 1192 1889 ciuitas,
1222 1785 1294 1872 sub
1314 1801 1445 1874 nostro
1465 1785 1561 1886 lelici
1582 1788 1765 1922 regimine
1784 1789 2008 1878 valeat‘leli-

382 1906 485 1991 cicra
506 1905 705 2021 suscipere
724 1905 971 2007 incrementa,
1002 1905 1121 2020 ipsam
1144 1931 1228 1990 cum
1258 1901 1430 1990 omnibus
1451 1905 1530 1992 suis
1550 1906 1810 2023 pertinencijs,
1839 1921 1952 2022 prout
1971 1911 2008 1996 in

380 2023 461 2110 suis
482 2022 591 2108 ruetis
611 2035 649 2108 et
668 2019 841 2112 limitibus
861 2023 998 2155 longe,
1024 2023 1174 2142 lateque
1207 2033 1246 2106 et
1273 2021 1661 2112 circumierenoialiter
1690 2024 1740 2112 ab
1775 2027 1929 2143 antiquo
1951 2041 2010 2114 est

381 2138 556 2226 distincta
585 2152 624 2224 et
644 2139 814 2243 limitata,
845 2139 895 2225 de
920 2170 1007 2256 Jure
1035 2140 1212 2258 polonico
1243 2140 1282 2226 in
1303 2139 1368 2256 jus
1389 2139 1659 2246 theutonicum,
1690 2140 1793 2258 quod
1812 2140 2008 2234 Maidbur-

382 2285 503 2374 gense
525 2256 675 2361 dicitur,
696 2257 952 2346 transierimus
973 2272 1158 2374 perpetuo
1183 2256 1416 2344 duraturum:
1453 2275 1691 2348 remanentes
1712 2258 1760 2375 ibj
1783 2263 1906 2347 omnia
1921 2262 2010 2378 jura

233 2423 241 2440 =
409 2372 622 2480 olonicalia,
655 2374 790 2462 modos
812 2389 850 2460 et
870 2375 1164 2461 consuetudines
1196 2376 1412 2477 uniuersas,
1444 2405 1517 2489 que
1537 2377 1657 2490 ipsum
1672 2377 1737 2490 jus
1757 2377 2010 2466 theutonicum

380 2403 693 2609 blaydburgense
724 2491 931 2606 predictum
964 2491 1182 2605 plerumque
1213 2504 1493 2576 consueuerant
1522 2491 1755 2608 perturbare.
1804 2491 2010 2584 Eximimus

383 2609 536 2724 insuper
556 2624 593 2695 et
612 2621 795 2724 perpetuo
824 2607 1025 2694 liberamus
1054 2635 1186 2694 omnes
1215 2623 1252 2692 et
1271 2606 1444 2724 singulos
1473 2607 1634 2710 incolas,
1666 2608 1715 2694 ab
1742 2613 1841 2694 omni
1863 2614 2009 2699 iurisdi-

381 2726 492 2812 cione
513 2739 550 2812 et
570 2739 757 2844 potestate
789 2725 950 2814 omniurn
982 2738 1020 2810 et
1049 2724 1282 2841 singulorum
1318 2723 1447 2843 Regni
1469 2726 1587 2811 nostri
1609 2723 1873 2841 palatinorum,
1904 2731 2009 2844 eapi-

381 2858 594 2944 taneorum,
626 2841 936 2946 castellanorum,
967 2840 1159 2940 lodicum,
1191 2840 1425 2928 subiudicum
1446 2857 1482 2928 et
1504 2843 1719 2959 quorumvis
1742 2838 1951 2932 officialium
1972 2861 2010 2932 et

380 2961 669 3048 ministerialium
700 2959 938 3065 eorumdem,
970 2974 1009 3044 ut
1030 2989 1159 3048 coram
1189 2961 1298 3078 ipsis,
1330 2973 1394 3045 aut
1424 2959 1550 3075 aliquo
1581 2961 1745 3076 ipsorum
1777 2990 1848 3077 pro
1882 2964 2009 3052 causis

380 3091 456 3164 tam
476 3079 627 3197 magnis
648 3107 759 3198 quarn
781 3080 928 3194 paruis,
950 3090 1057 3196 puta:
1080 3078 1179 3182 lurti,
1197 3075 1376 3196 incendij,
1398 3078 1595 3282 sangvinis
1616 3077 1824 3182 effusionis,
1854 3081 2009 3168 homici-

381 3195 453 3312 dij,
484 3195 736 3282 membrorum
757 3196 1025 3298 mutilationis,
1057 3209 1094 3282 et
1116 3195 1310 3313 quibusuis
1331 3197 1472 3282 enorm'
1502 3227 1547 3283 us
1568 3195 1789 3283 excessibus
1809 3197 1921 3316 citatj,
1942 3200 2009 3286 rui·

273 3355 278 3362 ·
382 3315 481 3414 nime
509 3312 745 3431 respondere
774 3329 987 3417 teneantur,
1017 3342 1090 3400 nec
1118 3313 1266 3429 aliquas
1291 3342 1413 3430 penas
1440 3313 1591 3401 soluere
1619 3314 1693 3402 sint
1713 3313 1866 3430 astrictj.
1928 3315 2008 3404 Sed

381 3445 520 3518 tantum
542 3433 646 3518 ciues
668 3443 706 3517 et
724 3430 846 3518 incole
867 3431 1024 3520 ciuitatis
1045 3429 1213 3548 predicte
1234 3459 1363 3518 coram
1385 3427 1574 3518 aduocato
1595 3461 1686 3531 suo,
1716 3430 1927 3520 aduncatus
1942 3463 2008 3522 ve-

380 3577 425 3634 ro
446 3576 575 3635 coram
596 3551 857 3664 prenominato
888 3547 1023 3636 Kelcio
1044 3547 1231 3652 Custode,
1262 3561 1328 3634 aut
1348 3548 1637 3638 successoribus
1667 3549 1762 3651 suis,
1793 3565 1858 3638 aut
1878 3579 2008 3638 eoram

382 3665 510 3768 nobis,
541 3665 600 3755 vel
616 3668 760 3782 judicio
782 3681 913 3754 nostro
935 3664 1124 3784 generalj,
1155 3664 1242 3754 dum
1273 3681 1397 3754 umen
1426 3697 1497 3785 per
1523 3679 1690 3753 nostram
1722 3667 1863 3754 literam
1885 3667 2008 3789 sigillo

380 3795 513 3870 nostro
534 3783 751 3903 sigillatam,
783 3785 892 3872 luerit
927 3797 1129 3890 euocatus,
1161 3799 1197 3872 et
1218 3785 1292 3871 boe
1313 3786 1345 3872 si
1365 3785 1400 3870 in
1423 3783 1619 3871 reddenda
1640 3784 1784 3872 iusticia
1805 3785 2006 3903 negligens

378 3899 487 3987 luerit
508 3915 544 3989 et
563 3904 764 4007 remissus,
797 3917 883 3990 tuno
903 3931 978 3992 non
999 3902 1123 4006 aliter,
1154 3927 1266 4014 quam
1297 3929 1367 3990 suo
1391 3905 1477 4020 jure
1508 3901 1603 3989 ciuili
1634 3902 1849 3988 theutonico
1870 3901 2008 4017 Mayd-
2156 3979 2159 3988 r

378 4018 560 4133 burgensi
581 4019 771 4134 predicto,
803 4019 851 4107 de
873 4031 916 4106 s'e
938 4021 1218 4136 querulantibus
1255 4020 1490 4135 respondere
1510 4021 1557 4105 sit
1577 4021 1765 4104 astrictus.
1817 4017 1857 4103 ln
1880 4021 2007 4105 causis

378 4146 504 4220 autem
526 4137 778 4222 criminalibus
799 4153 836 4223 et
856 4136 1076 4252 capitalibus
1098 4139 1273 4252 superius
1295 4137 1506 4251 expressis,
1526 4133 1717 4221 aduocato
1739 4135 1899 4222 ciuitatis
1920 4163 2006 4251 pre·

380 4251 492 4352 dicte,
519 4279 590 4367 pro
621 4265 790 4386 tempore
819 4253 1006 4355 existenti,
1036 4251 1072 4338 in
1094 4253 1201 4338 metis
1230 4265 1266 4338 et
1286 4253 1467 4369 grunieijs
1489 4250 1703 4368 judicandj,
1734 4254 2006 4371 sentenciandj,

379 4367 574 4486 puniendj,
606 4366 843 4486 corngendj,
876 4366 1082 4485 plectendj,
1118 4381 1155 4454 et
1183 4367 1459 4485 condemnandj
1492 4369 1640 4484 plenam
1674 4367 1809 4456 damus
1829 4385 1867 4460 et
1887 4375 2004 4458 omni·

379 4489 530 4574 modam
560 4485 802 4574 concedimus
830 4485 1060 4592 facultatem,
1092 4501 1200 4602 prout
1224 4485 1299 4575 boc
1317 4487 1438 4604 ipsum
1453 4488 1518 4604 jus
1539 4486 1790 4574 theutonicum
1811 4486 2006 4577 Maidbur·

380 4630 501 4721 genae
521 4602 748 4721 predictum,
780 4605 815 4690 in
838 4595 1011 4711 omnibus
1041 4605 1121 4691 suis
1142 4605 1305 4720 punctis,
1338 4603 1637 4710 condicionibus,
1669 4606 1889 4720 sentencijs,
1919 4607 2003 4694 arti-

379 4720 474 4808 culis
494 4738 530 4812 et
559 4721 735 4810 clausulis
765 4721 930 4839 postulat
957 4737 995 4810 et
1013 4723 1190 4841 requirit,
1219 4721 1373 4810 duribus
1404 4725 1541 4811 nostris
1561 4722 1755 4841 regalibus
1776 4724 1812 4810 in
1833 4723 2005 4812 omnibus
