4876 5940
1112 727 1389 802 -174-

435 937 567 1059 gracia
588 950 771 1024 terrarum
793 932 999 1040 Crccovic,
1028 930 1275 1035 Sandomirie,
1305 931 1476 1036 Polooie,
1504 929 1739 1034 Pomeranie,
1771 928 1951 1049 Cuyavie,
1972 933 2070 1024 Lan-

326 1095 345 1154 ,r
435 1058 560 1174 cyoie,
581 1053 743 1170 Syradie
759 1052 868 1156 box,
890 1067 1018 1139 notum
1040 1053 1195 1138 facimus
1217 1051 1401 1136 universis
1422 1063 1497 1135 tarn
1519 1050 1775 1166 presentibus,
1807 1076 1918 1161 quam
1940 1053 2069 1144 tuturis

315 1153 326 1185 ³
462 1187 647 1261 rasentem
679 1173 857 1290 paginam
888 1171 1131 1288 inspectoris:
1168 1169 1270 1282 quod
1301 1168 1453 1276 Meiba,
1485 1166 1777 1286 Budywogius,
1807 1169 2001 1261 dohannes
2034 1190 2070 1262 et

436 1207 656 1408 bvoymirus
688 1290 748 1376 {itii
780 1288 969 1402 quondam
1001 1287 1152 1374 Martini
1184 1301 1222 1372 et
1254 1287 1458 1404 Woymiri,
1490 1285 1720 1372 accedentes
1751 1287 1801 1372 ad
1832 1291 2069 1491 presenciam

434 1423 601 1498 nostram
634 1422 672 1494 et
691 1409 874 1495 baronum
906 1422 1140 1510 nostrorum,
1171 1408 1364 1523 protestati
1396 1421 1482 1492 sunt
1512 1403 1626 1492 iibere
1657 1417 1694 1491 et
1714 1404 1914 1494 tiber'aiter
1938 1409 2068 1497 vendi-

433 1528 537 1616 disse
558 1525 800 1614 hereditatem
822 1557 929 1614 suam
960 1526 995 1613 in
1017 1525 1202 1612 territorio
1223 1530 1406 1610 Nottensi
1423 1526 1551 1626 sitam,
1583 1547 1656 1633 qne
1685 1529 1991 1614 Wanohotooreco
2013 1525 2068 1641 (Β)

434 1647 625 1766 wigariter
657 1645 809 1744 dicitur,
847 1675 932 1732 cum
964 1642 1122 1762 singulis
1154 1644 1387 1748 utilitatibus,
1424 1669 1497 1756 que
1529 1643 1623 1729 intra
1654 1643 1834 1730 terminos
1869 1660 1904 1732 et
1936 1645 2068 1737 limites

433 1765 554 1852 eidem
581 1763 667 1851 ville
688 1763 936 1851 dinoscuntur
964 1764 1173 1881 pertinere,
1205 1759 1368 1849 Domino
1401 1759 1586 1848 Bertoldo
1618 1759 1756 1847 Abbati
1788 1759 1837 1846 de
1867 1761 2067 1879 Byssovia,

432 1899 471 1970 et
491 1897 571 1972 toto
593 1882 792 1970 conventui
813 1881 961 1988 ibidem,
983 1910 1051 1999 pro
1069 1880 1337 1999 quinquaginta
1359 1894 1397 1966 et
1417 1895 1578 1998 quatuor
1598 1880 1734 1966 nans
1756 1897 1903 1969 monete
1923 1881 2068 1972 Thoru·

433 2003 572 2107 nensis
599 2000 660 2088 toli
683 1998 815 2088 modo:
847 1999 948 2120 quod
970 2001 1041 2116 ipsi
1062 2012 1100 2084 et
1120 1999 1240 2086 omnis
1262 1999 1463 2115 posteritas
1484 1997 1649 2114 ipsorum
1672 2013 1854 2114 perpetuo
1876 2015 1914 2088 et
1933 2031 2068 2119 perpe·

156 2173 161 2191 ι
289 2150 312 2249 ¹3
435 2120 581 2208 tuaiiter
611 2119 748 2206 nullum
779 2119 838 2233 jus
859 2116 1081 2229 requirendi
1106 2131 1170 2204 aut
1183 2115 1384 2233 repetendi
1404 2115 1568 2204 habeant
1588 2115 1793 2232 predictam
1814 2117 2067 2225 hereditatem,

434 2237 504 2326 sed
525 2235 657 2356 prefati
690 2236 821 2324 Abbas
852 2251 890 2324 et
921 2235 1140 2324 Conventus
1162 2237 1281 2352 ipsam
1303 2265 1387 2322 oum
1409 2235 1526 2352 pratis
1547 2248 1585 2318 et
1607 2233 1781 2336 lacubus,
1812 2235 1920 2341 rivis,
1952 2238 2067 2344 silvis

434 2370 472 2444 et
500 2355 736 2457 nemoribus,
772 2367 885 2468 atque
916 2353 1088 2442 omnibus
1119 2355 1200 2442 aliis
1232 2353 1445 2441 utilitatibus
1476 2367 1514 2440 et
1542 2350 1803 2466 proventibus,
1841 2353 2000 2471 pacifice
2031 2369 2069 2443 et

433 2473 557 2586 quiete
586 2475 667 2590 jure
698 2487 881 2590 perpetuo
912 2472 1076 2560 debeant
1096 2470 1307 2592 possidere.
1360 2470 1444 2559 Nos
1465 2501 1557 2558 vero
1579 2471 1786 2587 predictam
1807 2472 2066 2563 vendicionem

434 2609 472 2680 et
497 2593 728 2709 empcionem
759 2606 878 2678 ratam
909 2604 1135 2711 gratamque
1155 2589 1357 2696 habentes,
1389 2588 1531 2678 eisdam
1553 2589 1728 2676 iratribus
1749 2589 1979 2708 sepedictam
1999 2593 2066 2682 be·

432 2709 625 2828 ruditatem
647 2709 925 2813 confirmamus,
950 2724 988 2798 ct
1008 2707 1143 2798 damus
1165 2710 1220 2794 eis
1240 2709 1388 2827 plenam
1410 2707 1615 2796 libertatem
1638 2709 1673 2794 in
1695 2707 1829 2795 eadem
1850 2709 2066 2817 hereditate,

432 2823 479 2916 ac
510 2841 732 2946 potestatem
764 2827 915 2916 locandi
946 2859 1030 2916 eam
1055 2830 1142 2946 jure
1171 2827 1424 2931 Tbeutonico,
1455 2825 1557 2939 qood
1587 2825 1897 2945 Meydburgense
1921 2827 2065 2935 dicitur,

433 2976 517 3036 cum
548 2948 647 3034 omni
672 2948 758 3063 jure
790 2945 950 3033 ducatus
981 2948 1119 3052 nostri,
1156 2946 1265 3033 nichil
1297 2947 1446 3033 omnino
1477 2975 1548 3063 pro
1579 2945 1689 3034 nobis
1720 2958 1972 3034 reservantes.
2023 2947 2066 3035 ln

433 3065 542 3182 cujus
562 3065 614 3152 rei
637 3065 882 3151 testimonium
907 3079 1107 3181 presentes
1127 3063 1316 3152 conscribi
1336 3065 1511 3170 fecimus,
1543 3079 1579 3152 et
1599 3063 1711 3180 sigilli
1731 3066 1849 3152 nostri
1870 3065 2074 3171 munimine

431 3183 617 3272 roborari.
669 3182 915 3269 Presentibus
939 3183 1010 3300 hys
1032 3181 1208 3270 testibus:
1239 3182 1384 3270 Comite
1413 3181 1592 3300 Troyano
1625 3181 1842 3270 Castellano
1864 3181 1913 3271 da
1932 3181 2065 3290 Nakel,

435 3301 582 3390 Comite
601 3299 770 3387 Henrico
790 3298 865 3387 tto
886 3299 1129 3418 Swantoslay
1151 3315 1188 3388 et
1207 3301 1320 3389 fratre
1341 3301 1422 3418 ejus
1440 3300 1722 3420 Sandywogio,
1755 3299 1970 3389 Petrchonc
1990 3300 2065 3391 tilio

432 3419 601 3526 Bozate,
635 3417 815 3506 Prseslao
846 3419 922 3507 oto
953 3420 1155 3536 Prseslay,
1187 3434 1224 3505 et
1243 3420 1326 3537 alijs
1349 3419 1470 3507 multis
1498 3419 1575 3508 fide
1597 3419 1733 3539 dignis.
1786 3421 1920 3508 Actum
1952 3421 2065 3508 Anno

432 3536 581 3626 Domini
617 3534 817 3624 Millesimo
853 3539 1115 3627 trecentesimo
1148 3553 1267 3628 sexto.
1324 3537 1461 3626 Datum
1496 3539 1532 3626 in
1564 3544 1751 3652 Byssoor'o
1781 3539 1875 3626 inira
1907 3553 2065 3628 octavas

433 3655 534 3746 beati
555 3654 710 3742 Andree
730 3654 916 3774 Apostoli.

533 3973 571 4058 (²)
598 3975 683 4042 Haec
696 3972 765 4040 vitta
780 3995 836 4040 occ
849 3973 880 4040 in
896 3972 1021 4062 antiquo
1034 3973 1184 4042 territorio
1197 3973 1352 4052 Nakteusi,
1372 3995 1472 4062 neque
1486 3974 1517 4060 iu
1532 3975 1681 4044 territorio
1696 3975 1904 4062 Bydgostieosi
1918 3973 2058 4058 occurrit.
