4984 5930
1124 749 1371 822 ...pg-

431 957 593 1076 campis,
623 955 725 1045 silvis
746 967 783 1041 et
802 953 937 1068 pratis,
963 951 1135 1066 pascuis,
1162 949 1380 1071 paludibus,
1408 962 1447 1036 et
1466 947 1593 1068 aquis,
1624 961 1661 1034 et
1682 977 1767 1035 cum
1788 949 1888 1038 omni
1910 950 2062 1038 utilitate

432 1107 505 1196 que
540 1075 595 1164 eis
623 1084 757 1190 posset
785 1069 901 1157 modo
934 1069 1059 1186 aliquo
1092 1067 1310 1188 provenire:
1347 1069 1397 1154 ita
1427 1064 1529 1186 quod
1559 1065 1629 1152 sibi
1657 1065 1768 1153 nichil
1797 1067 1888 1157 iuris
1916 1057 2064 1156 retinuit

431 1192 646 1312 sepedictus
675 1185 945 1302 S(amhorius),
973 1189 1010 1273 in
1037 1185 1263 1306 supradictis
1282 1184 1397 1289 villis,
1427 1201 1613 1272 eteorum
1634 1184 1883 1301 pertinenciis.
1919 1183 2062 1272 Verum

431 1325 555 1399 tamen
575 1309 748 1397 dominus
768 1304 985 1424 Episcopus
1007 1305 1182 1392 convenit
1202 1301 1361 1394 eundem
1378 1303 1460 1416 (sic)
1481 1301 1589 1390 Duci:
1610 1300 1712 1419 quod
1731 1303 1763 1389 si
1780 1303 1887 1390 luerit
1901 1332 2062 1392 necesse

431 1457 501 1548 pro
522 1427 753 1516 dellensiono
774 1439 885 1531 terre,
905 1423 1018 1511 laciet
1036 1423 1206 1512 hominos
1226 1419 1478 1538 predictarum
1499 1419 1668 1507 villarum
1690 1449 1774 1506 cum
1794 1421 1908 1508 aruris
1930 1449 2063 1538 proco·

431 1546 543 1654 dere,
576 1547 674 1634 sicut
702 1557 894 1662 poterunt,
923 1568 994 1660 pro
1024 1553 1125 1628 terre
1152 1539 1397 1628 dellensione.
1448 1537 1498 1625 Et
1525 1539 1557 1626 si
1582 1538 1692 1625 luerit
1717 1567 1880 1625 neccsse
1907 1553 2063 1655 propter
2109 1598 2115 1612 „
2161 1591 2162 1594 κ

431 1667 584 1753 timores
605 1663 857 1766 inimicorum,
886 1659 996 1746 liceat
1021 1659 1174 1748 domino
1200 1655 1397 1772 Episcopo
1425 1655 1553 1744 lacere
1583 1657 1828 1742 municionem
1856 1656 1950 1744 inter
1976 1687 2061 1772 pre-

326 1831 333 1856 ·
402 1801 407 1813 “
431 1783 553 1870 dictas
573 1780 703 1886 villas,
730 1778 791 1866 vel
812 1777 1063 1882 municiones,
1093 1775 1141 1862 de
1162 1774 1318 1892 predicti
1338 1789 1462 1860 menen
1485 1773 1602 1861 Ducis
1622 1773 1779 1860 consilio
1801 1787 1838 1858 et
1858 1786 2060 1862 consensu.

430 1898 481 1986 Et
499 1899 588 1986 Dux
608 1896 783 1986 convenit
803 1910 840 1982 ct
859 1895 1026 2014 promisit
1045 1893 1236 1996 adhibere,
1257 1893 1287 1978 si
1304 1921 1402 2008 opus
1417 1893 1536 1997 luerit,
1557 1891 1750 1978 consilium
1768 1905 1805 1978 et
1821 1919 2060 1980 consensum.

431 2017 480 2105 Et
501 2017 636 2122 omnia,
658 2045 732 2134 que
748 2013 808 2100 hic
823 2013 964 2130 scripta
979 2027 1076 2116 sunt,
1097 2012 1349 2129 promiserunt
1364 2009 1434 2096 sibi
1449 2006 1657 2098 adinvicem
1673 2006 1890 2126 Episcopus
1911 2023 1949 2096 et
1962 2007 2061 2116 Dour,

431 2166 501 2256 per
522 2165 565 2224 se
587 2146 624 2222 et
643 2163 713 2250 per
734 2161 865 2220 omnes
887 2137 1134 2218 successores
1151 2159 1255 2234 suos,
1275 2143 1358 2215 rata
1379 2141 1416 2214 et
1434 2125 1542 2212 firma
1563 2129 1599 2214 iu
1620 2141 1838 2243 perpetuum
1852 2125 2061 2214 confirma·

432 2283 486 2340 re.
516 2251 694 2338 Promisit
713 2249 832 2338 eciam
853 2245 1069 2368 sepedictus
1089 2245 1317 2365 Episcopus,
1338 2273 1450 2364 quam
1466 2246 1541 2332 cito
1557 2277 1601 2334 se
1616 2245 1774 2332 facultas
1790 2245 1964 2359 optulerit
1978 2246 2061 2356 (sic)

460 2400 502 2458 er
527 2399 571 2458 so
594 2367 655 2458 vel
683 2398 753 2486 per
780 2365 953 2454 nuncium
982 2382 1019 2454 et
1039 2365 1178 2454 litteras
1207 2365 1257 2450 ad
1287 2362 1615 2452 confirmacionem
1642 2363 1747 2451 istius
1768 2361 1973 2450 concordie
1993 2393 2062 2478 per

432 2401 574 2576 litteras
609 2483 841 2604 apostolicas
875 2483 977 2572 hona
1004 2481 1100 2570 lide'
1116 2495 1154 2570 ct
1180 2495 1266 2569 cum
1301 2481 1401 2568 omni
1434 2479 1633 2600 diligencia
1661 2480 1847 2568 laborare.
1897 2477 2061 2567 Nomina

431 2619 556 2694 autem
590 2603 841 2720 predictarum
875 2601 1041 2688 villarum
1078 2601 1149 2688 heo
1182 2615 1286 2688 suut:
1323 2605 1512 2700 Ostrt'eltc,
1552 2603 1813 2702 Goronolr'uo,
1855 2601 2059 2696 theotoco,

432 2725 629 2833 Zokonicj,
665 2725 842 2822 Leessno,
882 2723 1065 2834 Voqntho,
1100 2724 1343 2832 Semopm'no,
1379 2723 1548 2830 Koptito,
1582 2719 1810 2816 Korlilcooo,
1843 2721 2060 2816 Romilcoom
2187 2771 2196 2802 .

431 2847 674 2954 Dorponchc,
700 2844 865 2948 Rooocj,
884 2841 1090 2938 dlieslcooo,
1118 2841 1301 2923 Sloocooo
1319 2829 1386 2945 (Ξ).
1436 2833 1487 2919 Et
1507 2831 1556 2921 dc
1577 2833 1748 2921 omnibus
1768 2831 1946 2950 predictis
1967 2831 2061 2920 vittis

432 2957 617 3045 constituit
638 2987 681 3042 se
701 2955 893 3074 predictus
913 2954 1017 3058 Dux,
1047 2955 1196 3040 nomine
1216 2952 1349 3070 prelati
1375 2949 1555 3068 Episcopi
1575 2979 1858 3069 possessorem:
1888 2953 1938 3037 ita
1958 2949 2061 3068 quod

433 3073 737 3196 quandocunque
757 3071 939 3192 placuerit
958 3071 1154 3189 Episcopo
1174 3099 1244 3186 per
1264 3099 1307 3156 se
1329 3069 1388 3156 vel
1410 3099 1478 3186 per
1497 3071 1658 3157 nuncios
1678 3098 1782 3178 suos,
1802 3067 2062 3186 apprehendat
2126 3069 2129 3083 '

433 3194 596 3282 omnium
626 3191 861 3308 corporalem
891 3191 1195 3306 possessiouem,
1231 3201 1268 3274 et
1297 3187 1332 3272 in
1361 3203 1580 3305 perpetuum
1613 3187 1810 3304 possideat
1837 3185 1995 3302 pacilice
2024 3201 2060 3276 et

432 3313 567 3430 quiete.
619 3309 755 3398 Testes
776 3321 912 3412 autem,
934 3309 994 3426 qui
1015 3307 1101 3392 huic
1122 3303 1327 3393 concordie
1348 3306 1600 3410 interfuerunt,
1621 3319 1707 3392 sunt
1726 3303 1793 3422 hij:
1823 3303 2061 3392 Venerabilis

431 3445 540 3547 pater
559 3425 729 3546 Legatos
750 3425 889 3515 domini
908 3425 1016 3544 Pape
1032 3424 1250 3516 Willermus
1266 3410 1456 3542 quondam
1475 3421 1697 3512 Mutinensis
1712 3419 1938 3540 Episcopus,
1958 3421 2061 3541 Pop·

434 3577 484 3666 po
513 3547 694 3664 magister
715 3545 870 3631 lratrum
899 3541 1034 3630 domus
1063 3542 1270 3630 Teutonice
1291 3541 1326 3626 in
1347 3547 1498 3643 ltalia,
1529 3539 1736 3628 Nicholaus
1756 3555 1887 3628 custos
1907 3541 2059 3627 lratrum

432 3666 616 3750 minorum
639 3663 674 3748 in
704 3667 962 3760 ll'tode'ztom'o,
991 3661 1186 3749 lohannes
1207 3657 1440 3746 Scolasticus
1461 3657 1808 3764 Wlodizlaviensis,
1837 3655 2061 3748 Laurentius

420 3781 642 3869 canonicus
662 3777 809 3886 ibidem;
829 3779 1021 3868 Rotherus
1043 3779 1249 3865 canonicus
1270 3777 1547 3866 Cruxviciensis
1563 3777 1656 3886 (sic),
1678 3774 1964 3888 Venchesclaus
1977 3776 2060 3888 (sic)

432 3898 723 3988 archidiaconus
751 3905 993 4002 Pomorom'c,
1021 3895 1227 4014 etquidem
1249 3893 1321 4012 alij.
1372 3895 1509 3981 Datum
1537 3895 1573 3978 in
1602 3901 1770 3996 Theron,
1800 3922 1900 3980 anno
1930 3893 2061 4010 gracie

432 4019 490 4108 Μ0
511 4017 592 4106 CC⁰
610 4014 717 4122 XLl,
748 4017 783 4104 in
804 4013 931 4136 vigilia
961 4015 1142 4103 cathedre
1170 4013 1280 4100 Beati
1309 4013 1423 4100 Petri.
1474 4011 1524 4098 Et
1549 4027 1588 4098 ut
1616 4011 1688 4100 hec
1715 4012 1840 4100 omniu
1867 4009 2002 4100 illibata
2025 4011 2060 4097 in

434 4151 653 4256 perpetuum
670 4150 924 4254 permaneant,
946 4135 1076 4252 prelati
1093 4131 1242 4220 domini:
1264 4130 1443 4250 Legatos,
1464 4128 1690 4250 Episcopus,
1704 4129 1804 4236 Dux,
1821 4142 1859 4218 et
1874 4129 2061 4250 Magister

433 4270 645 4376 presentem
667 4255 846 4374 pagiuam
867 4253 999 4372 sigillis
1019 4253 1099 4341 suis
1120 4251 1365 4339 muniverunt.

536 4537 575 4624 (²)
604 4537 651 4604 lle
664 4535 711 4602 his
725 4536 801 4602 villis
814 4537 881 4604 ride
895 4545 997 4604 uotum
1011 4538 1033 4603 2
1047 4538 1085 4602 od
1099 4535 1230 4604 tabulam
1245 4535 1382 4621 proxime
1396 4541 1582 4620 sequentem.
