4876 5940
1117 745 1390 820 -220-

1119 965 1392 1160 ccxxxiv.
1492 1121 1497 1128 .

593 1269 876 1379 mommo,
903 1296 1060 1364 norro
1076 1273 1232 1364 132⁰
1250 1275 1345 1362 dte
1368 1275 1446 1364 28
1467 1275 1671 1362 monete
1686 1275 1909 1380 Aprilis.
2047 1260 2050 1268 ’

201 1522 213 1541 κ
403 1481 673 1560 ‚Nicotaus
686 1479 890 1573 aripenno
903 1478 1088 1553 nnnndnrlt
1100 1475 1434 1552 Premnmtrntnndom
1449 1477 1654 1559 mouendo,
1669 1475 1731 1550 nlll
1745 1495 1765 1551 r
1780 1475 1937 1552 demendo
1947 1475 2071 1568 rouen

268 1691 276 1707 Ι
378 1557 393 1604 ⁸
442 1581 863 1682 numerumnunerum
876 1583 979 1670 Boron
993 1585 1029 1658 ot
1044 1581 1194 1651 settene
1209 1578 1772 1668 animumanimumum
1783 1595 1857 1653 coru
1871 1580 2072 1668 promito.

541 1775 584 1864 lo
611 1773 762 1864 nomine
785 1771 945 1878 domini,
975 1802 1098 1861 aman.
1159 1767 1244 1860 Nos
1272 1772 1387 1860 lroter
1416 1768 1598 1860 Nicolaus
1623 1770 1856 1887 prepositus,
1889 1769 2071 1888 Walpur·

440 1897 504 2018 gis
524 1894 707 2014 priorissa
729 1907 767 1980 et
787 1904 887 1982 totus
907 1905 1117 1989 conuentus
1137 1888 1471 1980 sanctimonialium
1492 1887 1708 2004 monasterij
1725 1893 1963 1995 senlitensis,
1985 1919 2071 2008 pre·

442 2011 730 2104 monstrateusis
746 2006 1271 2124 ordinisWdadyslauieosis)
1282 2007 1473 2124 dyocesis,
1484 2021 1616 2096 tenore
1631 2009 1868 2124 presencium
1883 2007 2073 2095 literarum

442 2130 758 2247 recognoscimus
794 2139 832 2216 et
851 2125 1000 2244 publice
1034 2125 1266 2244 profitemur:
1299 2123 1413 2246 quod,
1441 2123 1530 2212 dom
1557 2125 1760 2216 venerabili
1788 2127 1884 2243 patri
1918 2125 2074 2216 domino

445 2245 672 2352 Gerwardo,
691 2241 1018 2360 Wladislouiensis
1040 2243 1231 2356 (ecclesie)
1251 2245 1445 2363 episcopo,
1466 2239 1686 2359 dyocesano
1706 2258 1848 2349 nostro,
1864 2242 1973 2332 villas
1994 2273 2075 2332 mo

445 2365 599 2482 nasterij
630 2363 750 2452 nostri
775 2369 935 2476 Bptlom
963 2378 1001 2452 et
1027 2367 1196 2450 Strocow
1225 2362 1420 2482 wlgeriter
1446 2375 1699 2480 nuncupatas,
1729 2361 1766 2450 io
1794 2360 1966 2451 districtu
1992 2360 2074 2450 Ra·

442 2481 662 2572 dzeouieosi
684 2481 879 2591 (situatas),
899 2509 970 2598 pro
990 2495 1141 2568 centum
1162 2480 1430 2615 quinquaginta
1446 2479 1584 2568 mercis
1600 2477 1839 2570 denariorum
1855 2477 2076 2569 Thoruneo·

443 2602 539 2690 sium
565 2597 878 2690 vendidissemos:
894 2627 965 2716 pro
986 2599 1259 2687 relormocrone
1280 2599 1444 2688 ecclesie
1462 2627 1511 2686 ac
1531 2598 1748 2714 monasterij
1770 2599 1889 2686 nostri
1915 2597 2074 2714 predicti

444 2717 646 2807 casualiter
680 2719 770 2836 igne
791 2717 966 2806 crematis
999 2715 1094 2826 (sio),
1134 2745 1182 2804 ac
1223 2717 1492 2806 informaciooa
1530 2715 1718 2804 bonorum
1754 2730 1964 2804 nostrorum
2003 2745 2076 2834 per

444 2861 625 2957 gwerras
644 2847 895 2924 vastatorum:
926 2834 976 2922 ab
1004 2833 1140 2921 eodem
1168 2832 1320 2922 domino
1344 2833 1539 2952 Episcopo
1560 2861 1630 2950 pro
1652 2831 1796 2922 eisdem
1816 2831 1910 2920 villis
1929 2835 2075 2954 recepi·

445 2983 530 3042 mus
555 2953 754 3068 pecuniam
784 2964 1028 3040 memoratam
1057 2950 1168 3039 nobis
1189 2951 1355 3067 plenarie
1375 2965 1605 3040 numeratum
1634 2952 1669 3038 in
1690 2951 1833 3069 parutis
1854 2949 2018 3069 denarijs
2040 2967 2094 3040 et·

447 3070 626 3172 annonis,
657 3083 695 3156 et
714 3065 874 3157 eundem
890 3067 1079 3156 domiuum
1100 3065 1332 3185 Episcopum
1353 3071 1389 3158 in
1410 3070 1554 3184 prelata
1575 3069 1753 3188 pecunia,
1784 3067 1896 3158 nobis
1921 3083 1963 3158 ut
1982 3069 2076 3158 dixi-

448 3217 532 3276 mus
552 3186 786 3305 integraliter
805 3184 1013 3302 persoluta,
1044 3186 1080 3272 io
1108 3185 1258 3300 scriptis
1287 3184 1429 3276 eisdem
1456 3203 1641 3304 perpetuo
1668 3187 1889 3304 quictamus.
1953 3186 2003 3275 Et
2030 3217 2079 3276 ne

447 3305 622 3421 cuiquam
641 3331 758 3420 super
776 3302 849 3420 hijs
868 3302 905 3389 in
925 3315 1121 3421 posterum
1140 3293 1291 3390 dubium
1313 3305 1471 3410 oriatur,
1501 3317 1700 3422 presentes
1721 3304 1848 3394 literas
1869 3304 2077 3424 sigillorum

380 3487 386 3494 -
445 3434 674 3527 nostrorum,
693 3419 875 3539 prepositi
892 3432 930 3508 cl
950 3432 1160 3510 conuentus
1176 3419 1442 3537 predictorum,
1457 3421 1614 3512 lecimus
1628 3423 2077 3540 apensionelsictmuoiri

447 3539 588 3628 Datum
624 3539 662 3626 in
693 3544 866 3628 liodcens
896 3531 970 3650 (²),
1012 3537 1074 3628 dia
1098 3537 1197 3628 beati
1225 3537 1360 3629 Vitalis
1389 3540 1565 3646 mentiris,
1595 3568 1696 3630 anno
1724 3538 1862 3628 domini
1882 3541 2078 3630 millesimo

452 3655 575 3748 CCC⁰
594 3655 790 3744 vicesimo.
849 3655 1097 3746 Preceotibus
1126 3655 1297 3746 dominis:
1323 3653 1483 3748 Nicolno
1513 3657 1661 3748 decano
1676 3656 1927 3777 gnezdneosi,
1958 3661 2078 3778 magi·

447 3789 530 3866 son
550 3771 669 3862 Pelro
696 3787 854 3862 cantore
875 3773 1195 3879 Wladislouiensi,
1215 3773 1404 3895 religiosis
1426 3776 1515 3863 viris
1534 3775 1722 3872 iratribus:
1738 3774 1918 3864 Conrado
1939 3777 1989 3865 de
2008 3785 2078 3865 So-

447 3897 568 3996 cooic,
588 3888 750 3980 Nicolao
772 3890 822 3980 dn
842 3896 976 3989 Srelno
998 3893 1092 4005 (sic),
1113 3889 1283 3980 eiusdem
1304 3892 1463 3998 ordinis,
1484 3892 1589 3982 ltchn
1610 3909 1648 3984 et
1668 3893 1858 4001 Susanna,
1875 3899 2077 3985 sanctimo-

452 4011 613 4102 nialibus
633 4009 850 4128 monasterii
872 4011 1074 4129 prenotati,
1095 4007 1289 4129 Bogulnlo
1310 4009 1638 4102 Wladislcuiensis
1660 4025 1699 4100 et
1718 4011 1915 4132 Stephano
1935 4042 2076 4133 pozna-

451 4129 590 4219 oiensis
611 4127 858 4218 ecclesiarum
880 4128 1092 4235 canonicis,
1124 4143 1161 4215 et
1181 4127 1262 4246 alijs
1283 4127 1451 4245 pluribus
1471 4128 1546 4218 srde
1568 4128 1705 4249 dignis.

554 4443 597 4529 (Ι)
624 4445 670 4511 Er
686 4444 849 4532 archetypo
864 4445 1096 4512 membranaceo
1110 4447 1247 4515 tabidurii
1261 4418 1381 4536 capituli
1396 4447 1663 4516 Wledislnviansis.
1691 4449 1830 4517 Duorum
1852 4447 2016 4536 sigillorum
2028 4449 2079 4514 ab·
2149 4441 2150 4448 ’

451 4535 608 4614 ruptorum
626 4549 662 4595 su
701 4537 787 4594 nsunt
801 4529 950 4597 toeniolae
964 4551 1175 4617 pergamenae.

552 4613 590 4696 (²)
620 4613 657 4680 vi
700 4615 730 4680 in
745 4613 847 4682 lodice
858 4614 887 4681 ll
900 4635 956 4686 ror
969 4615 1130 4696 Roclotelc.
