4876 5940
814 753 1216 834 ...225-

276 955 344 1046 sibi
370 951 562 1048 sileuoiuun
592 957 792 1079 inpositum
821 957 859 1047 in
880 975 1098 1080 perpetuum
1112 963 1206 1081 -ipso
1225 962 1337 1050 facto.
1367 989 1371 996 ’
1397 957 1479 1050 Nos
1499 975 1622 1050 autern
1641 961 1807 1080 prefatas
1823 973 1892 1052 asa
1984 955 1990 970 ’

276 1077 550 1198 agancionem,
590 1075 832 1168 tradicionem
861 1093 897 1166 et
923 1079 1223 1199 resignacionem
1252 1075 1489 1186 hereditatis,
1515 1096 1553 1170 et
1576 1083 1886 1198 protestaciones‚
1920 1087 1925 1108 “

276 1221 357 1283 uum
380 1198 452 1284 siut
465 1197 584 1315 juris,
614 1211 652 1286 et
671 1225 739 1315 per
759 1226 830 1284 uos
861 1193 909 1285 de
937 1199 1095 1291 consitio
1124 1199 1318 1320 Beronum
1339 1212 1438 1288 terre
1458 1199 1730 1288 sentencialiter
1754 1201 1886 1290 diffini·

273 1315 326 1422 te,
358 1331 461 1403 ratas
490 1329 526 1401 et
547 1331 679 1435 gratas
699 1315 897 1418 habentes,
928 1317 1032 1435 ipsas
1052 1319 1272 1406 auctoritate
1292 1319 1556 1436 capitancatus,
1580 1330 1712 1408 tenure
1732 1349 1886 1440 presen·

275 1435 368 1522 onum
401 1434 685 1534 confirmamus,
731 1450 770 1522 et
798 1437 1081 1553 possessionem
1116 1434 1236 1524 eidem
1272 1434 1423 1524 domino
1459 1439 1638 1556 episcopo
1672 1437 1887 1527 hereditatis
1935 1469 1952 1545 ,τ

274 1555 488 1672 supradicte
505 1553 682 1642 tradimus
704 1553 802 1642 dicta
821 1556 1066 1660 auctoritate,
1098 1571 1135 1642 et
1163 1553 1382 1644 tradidimus
1411 1557 1666 1676 corporatem3
1701 1572 1739 1644 et
1766 1560 1888 1676 ipsum
1934 1556 1939 1580 ²
1970 1653 1971 1658 Ν

274 1672 460 1760 dominum
491 1671 731 1790 episcopum,
770 1701 897 1790 uerupu
927 1671 1266 1794 hereditariumque
1290 1673 1507 1782 dominum,
1544 1703 1591 1764 ex
1620 1678 1657 1763 ui
1683 1675 1890 1795 empcionis

273 1817 414 1880 summe
449 1794 609 1910 pecunie
643 1807 855 1910 prenotate,
900 1821 947 1879 ex
982 1823 1083 1880 nunc
1103 1795 1204 1880 iuxta
1234 1792 1384 1885 modurn
1411 1797 1697 1912 protestaoionis
1721 1805 1888 1915 pretac'te

272 1909 527 2003 constituimus
554 1941 622 2030 per
648 1911 720 1998 hec
747 1913 899 2030 scripta.
960 1910 1002 1998 ln
1028 1913 1134 2000 ouius
1162 1913 1217 2000 rei
1246 1914 1504 2019 testimouium,
1532 1928 1727 2032 presentes
1762 1916 1888 2004 literas
1965 1937 1971 1944 “

271 2031 389 2117 nostri
410 2029 520 2149 sigilli
541 2027 740 2118 munimine
755 2030 988 2118 roboramus.
1048 2031 1184 2118 Actum
1204 2046 1243 2118 et
1262 2029 1386 2119 datum
1408 2033 1444 2119 in
1465 2039 1645 2139 Bresoze,
1675 2049 1784 2132 sexto
1805 2027 1888 2122 Ka·
1983 2123 1986 2134 ,

138 2227 142 2238 ,
271 2146 402 2236 landas
422 2148 676 2266 Septembris,
705 2179 805 2239 auno
826 2149 963 2268 domiuj
985 2149 1042 2238 Μο
1064 2149 1183 2240 GCC⁰
1202 2149 1395 2240 uicesimo.
1436 2151 1681 2242 Prosentibus
1701 2148 1888 2242 nobilibus

271 2268 369 2358 viris:
403 2267 577 2356 «Iohanne
598 2268 779 2386 palatino,
817 2267 975 2356 Ubislao
997 2270 1223 2372 castellano,
1253 2267 1440 2358 Rosdaiio
1470 2273 1764 2379 subcamerario,
1790 2270 1887 2358 Bre-

235 2452 238 2460 -
270 2385 479 2494 stensibus3
517 2385 677 2474 Nicota‘o
708 2387 875 2492 decano,
904 2387 1081 2480 ¹Gertiko
1117 2388 1332 2493 scolastico,
1359 2389 1661 2498 Gneznensibus,
1693 2408 1730 2480 et
1756 2391 1888 2482 Tidone

270 2503 457 2593 aduocato
478 2505 697 2607 Bresteuai,
729 2519 767 2592 et
786 2507 868 2594 atiis
889 2505 1055 2622 pluribus
1075 2504 1150 2593 fide
1171 2505 1307 2626 dignis.

942 2749 1213 2974 uuxmu.
1255 2756 1258 2764 ’

341 3109 618 3208 meotide,
646 3129 802 3198 ammo
829 3105 982 3200 1320
1009 3042 1102 3248 dte
1130 3111 1202 3198 18
1230 3072 1431 3198 menda
1454 3113 1792 3199 Novembres.

160 3334 168 3345 ·
268 3313 754 3410 emonensem
766 3313 1463 3508 numennumffitppeaaamun
1476 3275 1887 3408 ruuuuu'uuuuuuu·

780 3448 784 3456 '
969 3437 999 3492 tt
1014 3437 1053 3494 to
1178 3469 1186 3488 ·
1411 3471 1414 3476 ·

350 3609 412 3696 'ln
440 3609 589 3698 nomine
618 3609 775 3714 domini,
806 3637 927 3698 amen.
989 3609 1180 3726 Quoniam
1202 3639 1268 3717 ea,
1288 3641 1366 3730 que·
1382 3623 1564 3731 geruntur
1584 3609 1619 3699 iu
1641 3625 1810 3731 tempore
1830 3609 1887 3700 di-

267 3757 346 3852 gua
369 3731 565 3838 memoria,
597 3729 704 3818 simul
725 3761 809 3818 cum
831 3729 992 3818 decursu
1014 3729 1170 3818 labentis
1191 3728 1413 3851 temporis'a
1433 3729 1571 3818 noticia
1591 3745 1824 3848 posterorum
1850 3733 1887 3820 in

226 3881 232 3890 ·
267 3849 465 3938 obliuionis
486 3849 667 3938 interitum
688 3847 840 3936 effluunt
861 3863 898 3936 et
918 3849 1132 3958 tabescunt}
1154 3849 1360 3970 sapientum
1383 3847 1549 3938 decreuit
1568 3854 1783 3956 auctoritas,
1805 3852 1887 3967 ipsa

267 3969 536 4056 autenticarum
557 3970 656 4074 seria
675 3969 877 4057 litterarum
898 3985 935 4056 et
954 3969 1237 4086 subscripsione
1259 3971 1404 4057 testium
1425 3965 1475 4054 ad
1497 3983 1712 4088 perpetuam
1734 3969 1786 4054 rei
1808 3995 1883 4054 me·

267 4089 423 4195 moriam
452 4087 698 4202 perhennare.
761 4085 845 4174 Nos
866 4087 977 4206 igitur
1006 4087 1246 4192 Damaratus
1273 4085 1333 4174 dei
1361 4087 1492 4206 gracia
1523 4083 1785 4204 poznaniensis
1807 4083 1885 4204 epi·

267 4235 409 4324 scopus
437 4201 513 4318 (2),
544 4219 670 4316 notum
700 4205 856 4292 iacimus
885 4205 1069 4293 uniuersis
1096 4207 1331 4324 presencium
1361 4205 1497 4292 noticia
1527 4203 1706 4322 potituris:
1766 4201 1893 4320 Quod,

267 4325 526 4428 attendentes,
557 4323 645 4442 quia
664 4321 853 4411 hereditas
875 4323 1036 4412 ecclesie
1057 4340 1185 4412 nostre
1215 4323 1314 4412 diota
1335 4329 1552 4429 Porr'ssiczr',
1583 4339 1668 4441 syta
1688 4323 1726 4412 in
1745 4323 1885 4441 dyoce-
1970 4363 1973 4372 Δ

369 4608 409 4732 it)
438 4647 485 4714 Ex
509 4643 668 4732 archetypo
692 4641 923 4712 membranaceo
946 4643 1091 4710 tabutan'i·
1111 4643 1231 4743 capituti
1256 4642 1522 4712 Wtadistauieusis.
1566 4643 1636 4743 Ituo
1656 4641 1751 4743 sigilla
1766 4644 1884 4712 madiae

266 4729 397 4812 formae,
411 4753 455 4798 ex
468 4731 557 4819 longo
577 4729 724 4797 rotundae
744 4729 865 4816 figurae,
880 4749 1011 4818 appensa
1026 4730 1082 4795 fitis
1097 4729 1222 4849 aencis·
1234 4731 1317 4817 prius
1331 4727 1382 4796 filo
1392 4729 1500 4795 coloris
1514 4727 1614 4805 rubrr,
1634 4736 1782 4816 posterius
1803 4729 1883 4797 coto·

265 4816 310 4895 ris
324 4816 438 4886 uiridis.
481 4818 581 4884 Ambo
591 4810 697 4883 dotata

369 4901 409 4988 (²)
437 4900 504 4967 Vid.
518 4921 596 4991 quae
610 4901 651 4969 da
662 4923 700 4968 eo
713 4899 790 4967 dicta
804 4905 875 4968 suut
886 4899 916 4967 iu
932 4907 1003 4967 notu
1018 4899 1148 4968 secunda
1162 4899 1281 4968 minutae
1295 4899 1366 4968 unni
1384 4897 1462 4967 tutu
1480 4899 1536 4968 N¹⁰
1551 4891 1670 4969 CCXL.
1682 4919 1711 4986 p.
1725 4897 1797 4994 232

390 5021 478 5072 Tomoe
490 5020 523 5072 11.
600 5051 604 5059 ·
1681 5017 1717 5073 20
