4896 5926
1101 730 1522 804 -tut--

1145 1027 1339 1146 oxttx.

986 1299 1284 1394 'mmmm
1309 1294 1476 1384 1²04,

460 1447 770 1582 miremur-ue
791 1503 862 1576 ιιι
882 1501 1028 1597 menn
1050 1503 1085 1574 c
1106 1499 1255 1592 seruo
1276 1495 1523 1592 patmum·
1544 1497 1780 1595 emeno
1802 1505 1896 1575 aaa·
1915 1499 2026 1574 m
2062 1587 2063 1590 Ν

813 1604 967 1680 naum
987 1601 1150 1678 muoso
1173 1604 1308 1694 emtum
1327 1617 1456 1730 ursos
1476 1600 1668 1692 tunimo).
1794 1655 1796 1660 .

526 1836 633 1918 tuot.
682 1825 769 1916 ,Nos
797 1825 985 1917 Consules
1014 1825 1182 1914 Ciuitatis
1202 1823 1471 1916 Wratislauiae
1492 1825 1595 1936 (sic),
1625 1825 1809 1915 universis
1829 1842 1867 1914 et
1886 1825 2055 1946 singulis,

419 1951 562 2070 nouus
589 1977 704 2036 nossa
734 1946 843 2032 tuerit
871 1959 1142 2060 opportunum,
1175 1955 1306 2032 tenore
1335 1944 1595 2060 praesenciam
1624 1945 1961 2060 recognoscimus:
1984 1973 2057 2052 nos

426 2067 586 2169 vidisse,
611 2063 858 2178 manibusque
878 2062 1017 2148 nostris
1037 2061 1217 2148 habuisse
1238 2073 1275 2148 et
1296 2075 1479 2150 tractasse
1499 2059 1687 2177 quandam
1709 2061 1891 2148 Ducalem
1913 2063 2064 2150 literam»

426 2198 613 2304 apertam,
641 2183 678 2268 in
704 2207 939 2299 pergameno
968 2181 1238 2296 conscriptam,
1267 2177 1391 2298 sigillo
1416 2207 1590 2297 appenso
1619 2178 1776 2266 lllustris'
1802 2193 1841 2266 et
1867 2177 2058 2298 Altigcniti

428 2300 619 2422 quondam
641 2297 845 2414 Principis,
873 2293 1012 2384 domini
1040 2294 1238 2385 wladislai
1269 2296 1448 2384 Cuiauiae
1475 2309 1512 2384 et
1537 2295 1710 2384 Siradiae
1739 2294 1857 2384 Ducis
1878 2311 1954 2384 etc
1971 2297 2058 2415 piae

427 2417 630 2509 memmiae
649 2414 866 2534 sigillatam,
893 2414 1055 2512 saluam,
1082 2443 1216 2502 sanam
1240 2427 1278 2502 et
1296 2414 1499 2532 integram,
1526 2415 1702 2533 omnique
1722 2443 1881 2532 prorsus
1902 2415 2001 2504 vicio
2021 2430 2058 2504 et

428 2537 637 2654 suspitione
656 2546 858 2634 carentem,
879 2532 927 2620 de
948 2531 1067 2620 verbo
1087 2530 1137 2620 ad
1159 2531 1313 2620 verbum
1335 2532 1456 2648 hujus,
1479 2533 1540 2649 qui
1560 2534 1739 2650 sequitur,
1761 2533 1917 2620 tenoris:

529 2658 639 2740 taut.
681 2651 722 2738 ln
738 2652 887 2738 nominc
901 2665 1061 2740 sanctae
1081 2662 1118 2738 et
1138 2647 1351 2738 indiuiduas
1371 2649 1571 2754 Trinitatis,
1591 2679 1713 2738 amen.
1751 2649 1938 2762 Quoniam
1956 2649 2057 2738 facta

427 2771 636 2860 mortalium
656 2769 878 2857 obliuionem
899 2765 1077 2854 inducant
1097 2767 1201 2877 (sic),
1226 2767 1286 2852 vel
1306 2779 1426 2854 morte
1451 2769 1658 2882 intercepta
1668 2809 1685 2868 ,·
1704 2781 1794 2854 'sunt
1812 2772 1846 2874 [1
1865 2766 1974 2866 sicut]
1994 2797 2058 2854 ex·

426 2887 617 3010 patiencia
646 2884 792 2988 docuit,
823 2885 945 2974 solent
964 2882 1168 2970 adnullari:
1197 2885 1229 2970 si
1258 2913 1333 2970 non
1358 2885 1493 2974 luerint
1520 2883 1556 2970 le
1588 2885 1687 2972 itimo
1716 2885 1878 2972 virorum
1906 2913 1955 2972 ao
1973 2883 2066 2992 (sici

428 3005 633 3125 proborum
661 3003 872 3090 testimonio
893 3000 1094 3107 roborata,
1124 3016 1328 3118 eapropter
1356 3030 1428 3091 nos
1460 2913 1694 3090 Wladislaus
1721 2999 1793 3090 Dei
1821 3001 1944 3120 gratia
1970 3000 2059 3090 Dux

430 3122 610 3212 Cuiauiaa
635 3133 673 3206 et
698 3118 888 3220 Siradiae,
918 3119 1176 3206 universorum
1197 3119 1456 3238 praesenciam
1486 3135 1523 3206 et
1542 3120 1747 3210 futurorum
1768 3119 1971 3206 memoriae
1991 3117 2059 3206 de-

428 3241 634 3330 claramus:
656 3234 772 3349 Quod
793 3265 879 3322 cum
899 3235 955 3324 vir
975 3235 1162 3326 discretus
1182 3267 1230 3324 ao
1249 3235 1431 3328 honestus
1450 3236 1625 3328 domitus
1641 3235 1812 3324 lacobus
1827 3236 2061 3326 Procurator

428 3356 625 3476 hospitalis
645 3353 694 3440 da
713 3369 847 3442 sancto
868 3354 1018 3471 spiritu,
1031 3352 1080 3440 ad
1101 3369 1269 3444 nostram
1289 3353 1481 3442 accedens
1502 3357 1774 3472 praesenciam,
1796 3355 1866 3471 piis
1882 3353 2060 3472 operibus

430 3474 626 3563 charitatis·
640 3469 830 3578 inductus,
850 3471 1033 3559 humiliter
1052 3499 1124 3560 nos
1144 3472 1309 3590 rogauit,
1330 3487 1369 3558 ut
1389 3473 1510 3588 ipsum
1532 3473 1567 3560 in
1590 3471 1796 3560 Brzcsczic
1815 3485 1901 3560 ante
1923 3473 2059 3562 Ciuita

430 3609 504 3680 tem
535 3591 570 3676 io
599 3588 674 3676 linc
703 3590 846 3704 pontis,
876 3589 1060 3676 instrata
1090 3589 1258 3704 publica,
1289 3589 1473 3704 hospitale
1501 3591 1537 3676 in
1567 3590 1714 3676 nomine
1744 3590 1865 3676 sancti
1897 3589 2059 3704 Spiritus

430 3719 652 3798 construere
683 3703 925 3794 etedificarc
955 3703 1254 3810 admitteremus,
1286 3721 1324 3792 et
1348 3706 1391 3800 [t
1411 3705 1471 3801 ut]
1487 3705 1587 3796 inda
1616 3737 1638 3794 c
1670 3735 1824 3794 auorum
1854 3707 1994 3823 pariter
2023 3723 2060 3794 et

429 3852 636 3944 aegrorum
662 3821 948 3910 necessitatibus
977 3851 1021 3908 se
1048 3851 1262 3938 exponens,
1292 3823 1327 3908 in
1349 3823 1507 3942 singulis
1529 3736 1805 3941 prouideretur,
1836 3837 1875 3908 ut
1896 3852 1966 3942 pro
1988 3837 2059 3911 ter·
2163 3873 2171 3888 ·

429 3943 547 4048 renis,
577 3940 733 4030 transitu
755 3953 792 4026 ct
811 3938 961 4044 labore,
1020 3940 1152 4026 uictam
1180 3941 1365 4056 reciperet
1392 3956 1428 4028 et
1447 3954 1666 4058 perpetuam
1694 3941 1945 4030 mansionem:
1978 3937 2059 4028 Nos

429 4089 523 4147 vcro
549 4057 793 4176 respicientes
825 4069 962 4142 tantam
992 3969 1229 4143 deuotionem
1258 4057 1292 4142 in
1321 4053 1493 4162 domino,
1524 4071 1562 4144 et
1587 4057 1781 4178 religionis
1809 4059 2058 4158 intentionem,

431 4177 625 4264 memorati
645 4173 782 4262 domini
801 4173 935 4260 Jaccbi
956 4173 1168 4294 petitionem
1189 4186 1386 4292 gratanter
1404 4175 1662 4292 admittentes,
1684 4175 1733 4261 ad
1755 4175 1852 4262 idem
1873 4173 2059 4292 hospitale

431 4310 592 4412 quatuor
620 4320 775 4378 mansos
804 4291 839 4376 in
860 4289 1065 4376 remedium
1092 4291 1238 4377 animae
1264 4305 1418 4378 nostrae
1445 4293 1481 4378 in
1510 4305 1727 4409 perpetuum
1755 4290 1983 4390 addidimus,
2012 4319 2060 4378 ao

431 4412 513 4498 aliis
533 4406 704 4496 omnibus
724 4407 1013 4494 necessitatibus
1041 4409 1206 4526 ipsorum
1230 4409 1337 4524 juxta
1359 4409 1638 4526 possibilitatem
1660 4421 1826 4498 nostram
1848 4409 2059 4496 subuenire:

431 4527 686 4647 promittentes
714 4525 819 4640 ipsos
848 4553 873 4610 a
901 4525 1054 4611 fratrum
1087 4523 1395 4613 praedicatorum
1429 4525 1662 4646 strepitibus,
1699 4555 1747 4612 ac
1775 4525 1856 4612 aliis
1889 4525 2060 4613 omnibus

533 4755 572 4840 (¹)
601 4755 628 4822 E
644 4753 725 4820 libris
740 4775 832 4820 manu
846 4715 962 4841 scriptis
973 4755 1197 4821 Warsariensis
1211 4755 1351 4823 tabularii
1366 4755 1475 4845 publici
1489 4757 1587 4844 Regni
1601 4758 1756 4836 Pelopiae,
1771 4767 1801 4825 et
1815 4757 1937 4845 quidam
1952 4755 2061 4825 alibro

430 4842 574 4912 Metricos
588 4839 687 4924 Regni
701 4839 753 4907 ppo
771 4839 898 4906 LXXX.
913 4860 941 4926 p.
955 4839 1014 4909 361
1033 4839 1222 4926 descriptam.
