4926 5940
1059 717 1334 792 -431-

377 915 514 1004 tualem
535 913 634 1006 dicte
655 917 741 1005 ville
764 921 870 1018 Orto,
893 893 981 1004 'cum
1004 919 1083 1006 suis
1104 917 1363 1036 pertinencijs,
1394 917 1464 1033 ipsi
1491 916 1705 1006 reuerendo
1727 921 1822 1035 patri
1858 919 2009 1010 domino

376 1033 550 1140 lobanni,
571 1031 768 1155 Episcopo
788 1034 1092 1135 wladislauiensi,
1114 1050 1179 1123 aut
1198 1037 1315 1152 ipsius
1335 1037 1571 1151 procuratori
1602 1037 1682 1121 eius
1703 1038 1861 1143 nomine,
1883 1037 2009 1126 trade·

376 1165 436 1240 ret
455 1166 492 1238 et
510 1154 738 1273 assignaret.
793 1143 1052 1288 Verumnquia
1081 1152 1180 1240 idem
1210 1152 1384 1240 dominus
1416 1153 1552 1242 Petrus
1572 1151 1715 1242 Mathia
1744 1153 1793 1241 de
1822 1161 2008 1269 Lupstou,

362 1284 548 1360 assertus
568 1288 698 1360 custos
718 1272 1002 1390 pozneniensus,
1033 1286 1145 1388 prout
1165 1301 1213 1357 ex
1235 1272 1387 1390 querela
1417 1273 1676 1388 procuratoris
1707 1274 1839 1390 prelati
1866 1273 2010 1360 domini

240 1477 243 1485 ,
376 1389 572 1495 lobannis,
592 1389 775 1508 Episcopi
796 1386 1135 1490 chdislauiensis,
1156 1388 1369 1488 didicimus,
1387 1419 1467 1507 pro
1482 1388 1696 1478 huiusmodi
1717 1389 1900 1508 dampnis,
1921 1421 2009 1508 per-

378 1508 498 1626 ceptis
519 1524 556 1596 et
576 1508 770 1626 expensis,
792 1507 1016 1622 peripsum,
1038 1509 1094 1594 sic
1122 1521 1161 1592 ut
1181 1508 1419 1624 premittitur,
1454 1509 1582 1613 lactis,
1604 1508 1697 1596 intra
1719 1510 1914 1596 terminum
1935 1509 2007 1595 sibi

380 1626 417 1713 in
439 1623 548 1714 dictis
569 1623 683 1714 literis
703 1625 921 1743 apostolicis
942 1639 979 1712 ct
998 1623 1245 1742 processibus
1272 1625 1586 1714 executurialibus
1607 1625 1791 1744 prefixum
1813 1627 2010 1715 satisface·
2129 1706 2132 1714 ,
2209 1711 2214 1718 ,

378 1774 437 1848 re,
468 1773 593 1864 neque
613 1775 698 1830 cum
720 1741 856 1832 eodem
875 1744 1117 1830 amicabiliter
1137 1771 1386 1860 componere,
1411 1737 1456 1831 'et
1477 1745 1760 1862 possessionem
1789 1743 1942 1850 tradere
1973 1759 2011 1830 et

379 1861 581 1979 assignare
602 1863 765 1960 curauit,
795 1875 833 1946 et
854 1859 1050 1980 bucusque
1083 1890 1158 1948 non
1195 1876 1320 1966 curat3
1353 1862 1629 1980 propterquod
1659 1891 1734 1949 non
1766 1874 1825 1950 est
1845 1860 2009 1956 dubium,

377 1981 500 2096 ipsum
521 2009 640 2096 penas
660 1993 699 2068 et
717 1981 930 2066 sentencias
950 1981 986 2066 in
1007 1977 1116 2066 dictis
1137 1980 1252 2066 literis
1273 1981 1494 2096 apostolicis
1526 1995 1565 2066 et
1586 1982 1830 2099 processibus
1852 1995 2009 2068 conten·

381 2113 440 2184 tas
461 2095 639 2184 incidisse
660 2098 744 2213 ipso
763 2098 883 2202 lacto,
915 2109 953 2186 et
973 2099 1023 2186 ob
1042 2096 1119 2186 boc
1140 2125 1209 2215 pro
1231 2111 1338 2215 parte
1359 2099 1490 2216 prelati
1512 2097 1711 2185 reuerendi
1732 2098 1850 2214 patris
1871 2095 2010 2184 domini

377 2212 573 2319 lobannis,
592 2211 775 2334 Episcopi
793 2213 1118 2318 wladislauiensis,
1137 2245 1206 2332 per
1222 2231 1507 2333 procuratorem
1529 2245 1637 2302 suum
1658 2215 1874 2334 legittimum
1898 2213 2008 2302 nobis

379 2359 464 2416 cum
486 2331 609 2418 debita
632 2335 813 2418 instancia
843 2335 959 2418 extitit
991 2335 1255 2450 supplicatum,
1278 2348 1463 2450 quatenus
1484 2333 1624 2419 dictum
1645 2332 1833 2419 dominum
1857 2332 2011 2419 Petrum

379 2445 521 2536 Mathia
543 2448 591 2533 de
612 2455 802 2561 Lupstcm,
826 2471 954 2566 penas
982 2465 1019 2535 et
1045 2451 1260 2536 sentencias
1290 2450 1723 2534 excommunicacionum
1746 2449 1781 2532 in
1804 2449 1947 2534 eisdem
1969 2449 2010 2535 li·

380 2568 470 2655 teris
492 2582 528 2652 et
575 2565 794 2654 rooessibus
824 2565 1137 2655 executorialibus
1168 2580 1383 2668 contentas,
1416 2565 1613 2651 declarare
1634 2561 1809 2650 incidisse
1832 2563 2010 2681 dignare-

381 2713 479 2770 mur:
531 2595 800 2770 lllcbilnminus
828 2699 1078 2800 procuratore
1107 2680 1193 2769 dicti
1216 2681 1356 2770 domini
1384 2681 1568 2798 lobannis
1603 2680 1804 2884 Episcopi,
1834 2681 2013 2766 articulos

379 2831 497 2920 super
523 2801 653 2889 valore
682 2800 930 2918 dampnorum
961 2815 998 2886 et
1024 2814 1289 2918 perceptorum
1319 2801 1354 2886 in
1384 2801 1582 2917 presencia
1620 2795 1705 2886 dicti
1763 2797 1873 2883 omini
1910 2797 2011 2882 Petri
2064 2875 2069 2884 .

380 2918 541 3022 Mathis,
574 2931 610 3003 et
630 2915 680 3004 cd
702 2915 777 3006 hoc
797 2945 866 3036 per
886 2931 1027 3006 certum
1049 2929 1288 3006 executorem
1310 2917 1488 3036 legittime
1509 2918 1672 3005 cittatum
1693 2913 1944 3033 producente,
1976 2927 2013 3000 et

380 3065 497 3154 super
516 3033 657 3124 eisdem
678 3037 843 3124 articulis
863 3050 981 3124 testes
1000 3036 1115 3154 recipi
1142 3047 1342 3152 pellentem
1364 3035 1459 3146 (sic),
1479 3034 1684 3154 litterisque
1704 3033 1897 3120 cittatoriis
1929 3030 2011 3143 (sic)

382 3155 520 3242 nostris
541 3151 676 3241 ibidem
699 3169 832 3242 contra
853 3166 970 3242 testes
990 3153 1042 3240 ad
1062 3150 1373 3271 cognoscendum
1399 3181 1468 3269 per
1488 3181 1559 3238 nos
1580 3151 1630 3238 de
1650 3150 1780 3240 valore
1800 3147 2013 3236 huiusmodi
2121 3215 2124 3224 .

381 3270 630 3390 dampnorum
652 3284 692 3357 et
710 3287 972 3390 perceptorum
999 3301 1067 3389 per
1088 3269 1249 3359 eundum
1281 3269 1432 3356 Petrum
1453 3269 1597 3356 Matbie
1619 3265 1776 3354 indicta
1810 3265 1897 3352 villa
1921 3269 2012 3350 Orte

380 3405 419 3477 ct
438 3391 517 3477 suis
538 3383 796 3507 pertinencijs,
828 3391 924 3478 siout
971 3391 1147 3491 refertur,
1179 3389 1374 3489 tactorum,
1407 3387 1442 3472 in
1462 3387 1661 3503 presencia
1681 3381 1849 3470 eiusdem
1871 3380 2013 3469 domini

381 3505 486 3594 Petri
507 3507 649 3596 Matbie
670 3506 852 3610 decretis,
883 3419 1094 3626 eodemque
1119 3504 1271 3593 domino
1302 3502 1436 3602 Petro,
1457 3501 1507 3589 ad
1529 3500 1728 3590 videndum
1743 3501 1874 3617 jurare
1894 3513 2012 3586 testes

381 3621 432 3710 de
452 3627 582 3714 valore
604 3637 866 3742 perceptorum
888 3623 1140 3726 inducendae,
1161 3653 1230 3741 per
1250 3634 1393 3708 certum
1415 3633 1655 3708 executorem
1677 3619 1824 3705 cittato:
1846 3617 2014 3733 ipsisque

380 3741 538 3831 testibus
559 3743 608 3830 nd
629 3744 744 3830 nostri
766 3744 1001 3862 presenciam
1022 3742 1173 3843 cittatiS,
1197 3739 1498 3857 juramentisque
1519 3735 1780 3854 corporalibus
1800 3735 1849 3820 ab
1870 3731 2012 3820 eisdem

176 3929 181 3938 .
285 3857 290 3865 ⁴
380 3859 481 3948 iuxta
502 3859 763 3950 condicionem
793 3889 960 3977 rpsorum
981 3888 1096 3978 super
1116 3856 1278 3946 dicenda
1299 3858 1455 3947 veritate
1474 3855 1655 3972 receptis,
1685 3853 1852 3968 ipsisque
1873 3848 2011 3933 exami-
2231 3961 2234 3968 Ι

375 3982 501 4083 »natis
533 3995 569 4065 et
591 3993 703 4096 prout
722 4009 770 4066 ex
790 3979 958 4095 ipsorum
979 3975 1087 4066 dictis
1109 3991 1144 4062 et
1166 3973 1473 4094 deposicionibus
1495 3972 1766 4088 cognocimus:
1798 3969 1917 4082 ipsum
1940 3963 2009 4050 do·
2134 3983 2140 3990 “

383 4097 520 4182 minum
551 4095 704 4180 Petrum
734 4095 877 4181 Mathia
906 4095 954 4180 de
983 4101 1196 4207 Eupolemo,
1228 4093 1374 4208 prelato
1402 4086 1615 4176 reuerendc
1641 4086 1736 4202 patri
1764 4081 1917 4169 dominu
1943 4080 2011 4166 Jo-

380 4213 507 4319 bcnni‚
528 4209 724 4328 Episcopo
746 4209 1049 4312 wladislauiensi,
1071 4209 1235 4324 dampna
1255 4211 1291 4294 in
1313 4205 1490 4309 decimis,
1511 4201 1688 4304 lacubus,
1720 4197 1844 4304 siluis,
1875 4197 2011 4300 burris,

384 4333 501 4451 gaijs,
533 4330 669 4448 pratis,
701 4327 937 4431 nemoribus,
970 4327 1138 4444 piscinis,
1168 4322 1410 4425 molendinis,
1432 4319 1608 4408 censibus
1630 4331 1669 4404 et
1687 4315 1911 4404 rusticorum
1933 4343 2011 4400 ser·

385 4451 508 4566 uicijs,
540 4445 748 4534 addictam
783 4443 906 4534 villam
946 4448 1037 4530 Orle
1064 4468 1148 4529 cum
1185 4440 1268 4558 alijs
1303 4439 1542 4557 pertinencijs
1570 4433 1853 4552 spectantibus,
1885 4445 1923 4518 et
1944 4459 2013 4548 per

385 4569 505 4684 ipsum
528 4583 615 4653 octo
636 4565 743 4652 annis
763 4563 959 4679 possessis
980 4561 1158 4668 attentis,
1179 4561 1215 4646 in
1237 4559 1365 4645 valore
1386 4557 1602 4674 plusquam
1620 4551 1907 4668 octingintarum
1929 4548 2011 4658 (sic)

384 4713 596 4772 marcarum
631 4683 815 4770 currentis
851 4693 1001 4768 monete
1029 4679 1197 4766 intulisse
1228 4693 1265 4764 et
1292 4674 1430 4761 iecisse
1464 4670 1734 4788 comperimus:
1766 4665 2012 4797 predicthue

385 4803 549 4923 dampna
572 4819 608 4888 at
629 4815 809 4920 percepta
831 4827 878 4885 ex
899 4796 997 4885 dictu
1033 4795 1119 4887 uilla
1143 4799 1235 4882 orn
1254 4821 1338 4879 cum
1360 4791 1438 4878 suis
1460 4787 1717 4908 pertinencijs,
1748 4782 2014 4870 moderamune
2051 4823 2053 4831 Α
