4926 5940
1149 751 1425 826 -378-

473 961 589 1052 borre
609 960 689 1048 sive
709 955 864 1062 morice,
884 978 995 1066 quem
1016 965 1055 1041 et
1075 983 1186 1074 mum
1208 952 1278 1072 ipsi
1299 951 1465 1057 sculteti,
1486 951 1548 1070 qui
1569 949 1716 1041 luerunt
1736 982 1805 1070 pru
1827 965 2010 1072 tempore,
2031 953 2100 1046 du·

474 1081 562 1173 dum
585 1076 803 1193 ¹babuerunt
831 1087 869 1160 et
901 1070 1142 1190 possiderunt
1168 1071 1272 1183 (sic),
1302 1073 1413 1190 prout
1442 1072 1561 1158 eciam
1595 1067 1693 1158 idern
1723 1069 1887 1159 Mathias
1916 1071 2099 1165 Scblmda

400 1191 407 1258 .'
475 1195 655 1290 scultetus
686 1192 813 1280 babuit
841 1190 1024 1278 hactenus
1053 1204 1090 1278 et
1117 1188 1312 1308 possedit
1350 1187 1400 1275 Et
1430 1186 1532 1306 quod
1562 1187 1744 1276 scultetus
1764 1204 1801 1276 et
1820 1191 1878 1276 sui
1899 1195 2042 1309 posteri
2063 1193 2100 1281 iu

474 1313 608 1404 eadem
630 1311 810 1401 sculteciu
832 1307 997 1395 debeant
1017 1307 1265 1426 personaliter
1278 1305 1466 1409 residere,
1497 1304 1618 1394 incole
1638 1333 1731 1394 vero
1760 1305 1809 1393 de
1836 1307 1987 1428 triginta
2013 1341 2098 1429 sep

474 1447 548 1524 tem
570 1430 731 1537 mansis,
760 1425 810 1514 de
830 1425 995 1543 quolibet
1024 1454 1156 1512 manso
1188 1423 1385 1512 Marcbam
1405 1424 1488 1536 (sic)
1515 1422 1753 1512 denariorum
1784 1439 1933 1513 moneta
1952 1427 2100 1516 Tboru·

475 1550 624 1652 neosiS,
646 1578 730 1634 curn
753 1543 901 1630 duabus
924 1539 1108 1631 mensuris
1129 1571 1268 1646 avene,
1290 1555 1326 1628 et
1347 1539 1495 1628 duobus
1516 1541 1636 1658 pullis,
1657 1544 1810 1630 racione
1832 1573 1969 1631 census
1989 1545 2026 1632 in
2046 1545 2100 1634 le·

473 1659 542 1758 sto
558 1666 689 1754 Sancti
709 1660 1179 1782 Martiniapnissingulis,
1200 1662 1351 1748 solvere
1371 1660 1604 1748 tenebuntur.
1646 1659 1773 1774 Quem
1795 1691 1946 1766 censum
1969 1664 2103 1752 etalio

470 1783 668 1902 predictus
688 1780 868 1870 scultetus
888 1780 1072 1868 tenebitur
1101 1779 1275 1898 exigere,
1306 1776 1487 1896 colligere
1525 1791 1563 1865 et
1598 1778 1708 1866 nobis
1729 1793 1793 1866 aut
1813 1779 2099 1872 successoribus

475 1902 616 1993 uostris
636 1898 867 2018 integraliter
887 1897 1100 2016 assignare.
1162 1897 1428 2012 Spultetusque
1449 1897 1531 2012 ipse
1552 1909 1590 1982 et
1609 1898 1666 1983 sui
1688 1927 1937 1986 successores
1957 1897 2100 1984 iudica·

475 2019 568 2108 bunt
589 2048 722 2107 omnes
752 2045 892 2114 causas
921 2045 1061 2130 parvas
1094 2030 1132 2102 et
1150 2043 1327 2133 magnas:
1358 2013 1525 2133 Magnas
1545 2027 1670 2106 autem
1691 2013 1906 2104 iudicabunt
1926 2028 2103 2132 presente

476 2151 608 2224 nostro
630 2135 790 2221 nunccio
812 2133 894 2244 (sic)
915 2131 965 2218 ed
987 2132 1062 2219 boc
1082 2133 1198 2218 misso
1219 2131 1388 2251 generali
1414 2133 1473 2222 uel
1495 2131 1669 2249 speciali,
1700 2147 1737 2218 et
1757 2131 1806 2217 de
1827 2133 1998 2222 iudicatis
2019 2148 2102 2222 tan·

329 2277 333 2290 ·
478 2267 553 2342 tum
576 2253 645 2340 sibi
667 2251 823 2354 tercius,
854 2263 891 2334 et
911 2250 1019 2336 nobis
1040 2265 1104 2338 aut
1124 2249 1412 2336 successoribus
1434 2251 1574 2337 nostris
1595 2249 1669 2336 duo
1690 2249 1832 2366 denarij
1856 2247 2004 2338 cedent
2029 2251 2102 2338 Ce-

472 2387 596 2462 terum
618 2369 737 2456 eciam
757 2367 936 2453 scultetus
957 2379 995 2452 et
1014 2367 1135 2454 incole
1164 2365 1320 2481 predicti
1360 2367 1581 2454 tenebuntur
1617 2383 1782 2455 nostrum
1806 2367 2101 2456 Procuratorem

478 2488 538 2581 vel
558 2487 669 2574 alium
690 2484 886 2570 nunccium
903 2496 1082 2590 nostrum,
1098 2478 1147 2570 ad
1169 2483 1243 2569 boc
1264 2485 1442 2586 missum,
1466 2499 1524 2570 ter
1543 2487 1578 2570 in
1600 2515 1700 2572 anno
1722 2485 1891 2602 recipere
1912 2481 1963 2572 ad
1983 2516 2101 2606 genc-

471 2605 555 2696 rale
577 2603 802 2722 colloquium
824 2599 1054 2708 laciendum,
1085 2614 1123 2687 et
1143 2600 1263 2688 eidem
1294 2631 1367 2688 una
1398 2631 1481 2688 curu
1512 2601 1658 2702 famulis
1686 2603 1765 2690 suis
1786 2631 1974 2718 expensas
1994 2631 2099 2690 com·

468 2723 633 2812 muniter
655 2720 873 2806 ministrare.
925 2719 986 2804 De
1007 2719 1172 2806 tabernis
1203 2730 1327 2806 autem
1354 2748 1426 2806 nos
1447 2733 1485 2804 ct
1505 2750 1752 2823 successores
1773 2721 1889 2808 nostri
1911 2717 2027 2824 duos,
2058 2733 2098 2806 et
2151 2744 2156 2753 ·

474 2839 666 2928 Scultetus
686 2838 840 2926 tercium
862 2833 1050 2924 denarios.
1072 2837 1305 2952 recipiemus.
1337 2833 1465 2924 lncole
1487 2836 1656 2954 predicte
1672 2837 1756 2926 ville
1772 2837 1880 2926 nobis
1895 2851 1933 2924 et
1947 2865 2102 2926 succes-

471 2956 628 3045 soribus
644 2954 781 3042 nostris
797 2983 907 3040 arare
924 2981 1034 3040 unum
1051 2952 1149 3040 diem
1166 2953 1215 3040 ad
1232 2954 1417 3059 estivalis,
1434 2970 1469 3042 et
1484 2954 1581 3042 duos
1598 2953 1681 3042 dies
1694 2954 1744 3042 ad
1760 2954 1956 3072 hyemalia,
1971 2955 2103 3074 singu·
2150 3005 2153 3008 ·

470 3074 523 3168 tis
544 3074 650 3162 annis
672 3087 758 3156 sont
778 3071 933 3189 obligati
954 3089 990 3159 et
1011 3071 1242 3160 tenebuntur.
1294 3070 1480 3160 Volumus
1501 3075 1631 3176 eciam,
1661 3089 1771 3189 prout
1803 3071 2102 3188 predecessores

471 3191 597 3285 nostri
619 3189 885 3295 decreverunt,
916 3189 1017 3306 quod
1040 3189 1220 3276 scultetus
1242 3189 1341 3306 ipse,
1363 3191 1425 3308 qui
1445 3192 1553 3276 luerit
1574 3221 1645 3308 pro
1667 3206 1852 3307 tempore,
1884 3189 2099 3279 sculteoiain

478 3309 598 3426 ipsam
620 3337 695 3394 non
716 3304 872 3411 vendat,
904 3336 978 3394 non
1008 3305 1171 3425 obliget,
1200 3323 1263 3392 aut
1283 3309 1418 3423 quovis
1439 3309 1542 3396 titulo
1562 3307 1715 3414 alienet,
1747 3309 1816 3396 nisi
1838 3338 1957 3426 super
1976 3307 2127 3396 huius!

479 3425 579 3512 modi
600 3423 841 3527 vendicione,
873 3423 1130 3544 obligccionc,
1162 3440 1227 3512 aut
1246 3425 1499 3529 aliencciouc,
1530 3442 1661 3514 noster
1680 3441 1744 3512 aut
1764 3439 1979 3513 bostrorum
2015 3455 2103 3514 suc·

479 3571 674 3628 cessurum
705 3542 936 3628 accesserint
966 3571 1176 3630 consensus
1215 3545 1353 3660 pariter
1382 3555 1420 3630 et
1451 3543 1635 3632 voluntas.
1682 3543 1840 3660 Insuper
1864 3543 2047 3632 scultetus
2067 3557 2105 3632 ct

480 3658 833 3764 incolememorati,
848 3661 955 3775 jura,
986 3660 1163 3764 servicia,
1185 3657 1316 3760 on'era,
1351 3661 1557 3776 peticiones
1586 3677 1622 3749 et
1642 3659 1827 3766 honores,
1857 3676 1970 3778 prout
1990 3661 2104 3749 ceteri

480 3773 629 3864 sculteti
650 3789 686 3860 ct
707 3775 828 3860 incole
864 3776 1031 3866 villarum
1054 3791 1277 3879 nostrarum,
1299 3777 1335 3863 in
1357 3793 1457 3863 terra
1477 3777 1704 3868 Pomeranie
1725 3782 1960 3885 situatarum,
1992 3779 2101 3866 uobis

480 3908 518 3979 et
547 3892 836 3980 successoribus
865 3893 1003 3980 nostris
1038 3892 1337 3980 exhibebuntz—
1349 3892 1575 3982 Huiusmodi
1597 3922 1747 4015 quoque
1769 3895 2099 3985 informacionibus

468 4041 549 4130 per
569 4041 660 4115 noS,
693 4021 733 4096 ot
753 4009 989 4127 premittitur,
1021 4011 1183 4129 receptis
1204 4024 1240 4096 et
1262 4011 1472 4114 intellectis,
1503 4014 1719 4102 eudemum
1741 4016 1914 4130 superius
1935 4011 2100 4130 descrip

479 4130 546 4235 tis,
580 4143 616 4215 et
646 4143 845 4245 propterea
876 4127 1119 4244 peticionibus
1150 4126 1235 4216 dicti
1255 4128 1400 4218 Matbie
1420 4129 1574 4219 Sculteti
1603 4132 1711 4220 nobis
1732 4131 1885 4238 oblatis,
1917 4146 2103 4249 umquam

480 4247 584 4334 iustis
606 4261 642 4332 et
663 4244 954 4334 racionabilibus
974 4247 1225 4337 favorabiliter
1244 4246 1424 4352 inclinati,
1455 4245 1504 4332 de
1529 4279 1735 4355 consensu,
1767 4249 1940 4352 consilio,
1970 4259 2009 4334 et
2035 4277 2105 4335 vo·

478 4363 620 4450 luntate
646 4362 912 4450 venerabilium
933 4358 1107 4451 'virorum
1142 4363 1375 4452 dominorum
1408 4365 1568 4482 Capituli
1600 4367 1761 4454 ecclesie
1800 4381 1930 4454 nostre
1961 4360 2105 4454 ll'ludi·

481 4479 678 4566 slaviensis
707 4480 875 4598 predicte
905 4480 955 4567 ad
983 4479 1058 4568 hcc
1085 4481 1295 4599 specialiter
1323 4482 1608 4586 accedentibus,
1637 4481 1848 4601 huiusmodj
1871 4481 2105 4602 privilegium

482 4609 520 4682 et
539 4597 655 4713 ipsius
675 4598 779 4697 lura,
800 4627 848 4685 ac
869 4599 992 4686 omnia
1014 4614 1052 4686 et
1071 4599 1220 4719 singula
1236 4599 1453 4720 supradicta
1470 4601 1651 4718 inquisita,
1672 4603 1870 4720 recognita
1887 4613 1924 4688 ct
1938 4629 2007 4717 per
2022 4627 2105 4704 nos,

472 4729 521 4802 ut
540 4713 742 4831 prefertur,
774 4716 964 4819 ordinata,
994 4715 1234 4822 innovamus,
1266 4720 1541 4806 auctorizamus
1562 4719 1662 4832 (sic),
1695 4733 1732 4807 ct
1760 4717 1948 4836 presentis
1977 4715 2107 4832 scripti

361 4945 372 4962 ³
479 4831 688 4950 patrocinio
709 4833 996 4940 confirmamus,
1027 4835 1197 4924 uolentes
1217 4849 1254 4923 et
1274 4834 1538 4943 decernentes,
1568 4836 1671 4955 quod
1693 4835 1854 4950 eandem
1873 4837 1964 4940 vim,
1995 4835 2106 4953 vigo·
2146 4923 2151 4930 ,
