4878 5942
1070 693 1338 768 -309-

384 911 511 988 uotum
542 897 700 985 iacimus
738 894 924 982 uniuersis
955 906 1155 1010 presentes
1190 884 1433 1014 inspecturis:
1481 891 1584 1012 quod
1628 893 1864 982 intendentes
1890 894 2018 983 melio·
2114 969 2121 984 .

384 1017 574 1104 racionem
597 1014 784 1102 bonorum
806 1012 1053 1102 ecclesiarum
1073 1027 1287 1100 nostrorum
1308 1011 1587 1129 predictarum,
1622 1027 1663 1098 ut
1683 1043 1731 1100 ex
1758 1015 1834 1119 eis,
1865 1029 2022 1102 auctore
2085 1046 2090 1054 ·

385 1133 557 1238 domino,
589 1135 731 1220 tructus
760 1132 923 1219 uberior«
942 1129 1066 1218 valeat
1098 1133 1320 1248 prouenire,
1351 1131 1542 1233 iniuimus,
1583 1131 1740 1217 lecimus
1762 1161 1809 1216 ac
1831 1131 2020 1218 ordinaui-

385 1281 468 1337 mus
488 1265 669 1368 perpetue
689 1249 998 1338 commutacionis
1018 1278 1067 1336 ac
1087 1247 1377 1366 permutacionis
1408 1245 1651 1334 concordiam
1691 1279 1758 1334 seu
1780 1250 1899 1336 eciam
1918 1251 2021 1338 unio·

385 1398 490 1474 nem,
522 1371 664 1456 tenoris
684 1367 860 1456 videlicet
888 1367 1163 1484 subsequentis.
1224 1365 1344 1480 Quod
1375 1365 1591 1472 kmetones,
1639 1367 1773 1472 incole,
1807 1368 1932 1455 villani
1951 1397 2020 1455 seu

386 1488 550 1574 cultores
578 1516 763 1604 agrorum
799 1485 969 1575 villarum
990 1500 1221 1589 nostrarum,
1253 1515 1321 1572 seu
1344 1483 1490 1602 cenobij
1512 1485 1629 1572 nostri
1653 1483 1944 1602 Bpssouiensis,
1972 1484 2021 1572 de

396 1611 558 1710 Viteloo,
580 1605 629 1690 de
658 1609 790 1708 Volua,
813 1603 862 1690 de
887 1608 1032 1708 Gleblcc',
1064 1601 1113 1690 de
1137 1607 1338 1690 Gostr'rucz
1362 1617 1399 1690 et
1420 1601 1468 1688 de
1489 1609 1657 1689 Stioono
1679 1601 1737 1718 (¹¹)
1759 1604 1830 1690 iam
1852 1604 1887 1690 in
1914 1620 2021 1720 parte

385 1723 537 1828 locatis,
569 1723 605 1808 in
628 1721 849 1810 castellania
871 1721 1122 1842 bidgostiensi
1142 1719 1199 1834 (⁵)
1221 1736 1259 1808 et
1274 1717 1554 1838 Visegrodensi
1575 1722 1673 1826 sitis,
1704 1724 1850 1840 prelato
1870 1720 2022 1809 domino

384 1842 567 1958 episcopo
597 1871 645 1926 ac
674 1843 754 1927 suis
784 1839 1096 1945 successoribus,
1128 1839 1284 1926 racione
1317 1837 1480 1940 decime,
1511 1839 1663 1927 indilate
1694 1856 1732 1927 et
1753 1843 1835 1928 sine
1858 1841 2021 1958 qualibet

385 1958 669 2046 contradicione
691 1955 748 2070 (θ)
778 1957 827 2046 de
853 1957 1019 2074 quolibet
1045 1987 1179 2044 manso
1210 1957 1409 2065 culmensi,
1441 1988 1558 2075 super
1584 1959 1718 2045 festum
1740 1958 1839 2046 beati
1868 1959 2020 2046 Martini

304 2125 308 2132 ·
385 2077 555 2194 episcopi
576 2090 611 2164 et
632 2077 880 2182 confessoris,
912 2105 982 2164 sex
1002 2104 1166 2196 grossos
1187 2104 1401 2195 pragenses
1431 2076 1584 2164 soluere
1615 2075 1850 2166 tenebuntur.
1909 2075 2018 2164 lnsu-

385 2225 454 2312 per
493 2193 696 2300 decimam,
740 2225 814 2314 que
850 2209 932 2281 erat
959 2210 1090 2282 nostre
1119 2225 1249 2281 mense
1280 2225 1348 2281 seu
1377 2194 1525 2310 cenobij
1548 2195 1667 2282 nostri
1687 2193 1961 2311 Byssouiensis
1982 2195 2019 2281 in

389 2317 575 2424 Gopole'no
605 2343 689 2399 cum
720 2315 880 2415 menica,
912 2317 986 2429 ipue
1002 2311 1166 2397 nondum
1189 2324 1248 2398 est
1267 2310 1390 2415 locata
1412 2311 1461 2398 ad
1483 2311 1642 2398 eandem
1663 2312 1786 2400 villam
1814 2315 2016 2432 pertinenS,

386 2445 497 2549 prout
516 2431 552 2516 in
575 2429 653 2516 suis
673 2431 855 2548 granicijs
877 2445 934 2516 est
956 2427 1148 2530 distincta,
1181 2427 1312 2516 usibus
1334 2459 1463 2515 mense
1484 2429 1652 2516 eiusdem
1672 2428 1813 2517 domini
1845 2431 2016 2548 episcopi

289 2593 292 2601 ·
386 2575 732 2667 successorumque
747 2577 901 2635 suorum
919 2545 1202 2663 applicauimuS,
1223 2545 1408 2652 dedimus,
1430 2547 1547 2632 libere
1568 2577 1616 2632 ac
1632 2563 1768 2663 sponte
1784 2547 2020 2655 contulimus3

387 2683 423 2754 et
442 2663 681 2783 presentibus
702 2667 929 2753 conferimus
969 2665 1070 2750 circa
1108 2661 1268 2751 eundem
1291 2661 1481 2750 dominum
1504 2663 1724 2782 episcopum
1751 2695 2021 2752 successores·

388 2811 462 2898 que
483 2813 596 2888 suoS,
627 2814 796 2872 necnon
817 2795 854 2872 et
875 2781 1074 2900 capitulum
1096 2812 1228 2885 suum,
1248 2783 1439 2901 perpetuis
1461 2781 1694 2898 temporibus
1746 2811 2026 2888 ermensuram,

388 2917 426 2990 et
445 2901 669 3014 ubicumque
689 2930 761 2990 nos
782 2933 806 2990 a
826 2899 1064 2990 kmetonibus
1084 2901 1224 2988 nostris
1241 2930 1395 2988 censum
1411 2899 1679 3019 percipiemus,
1701 2813 1854 2989 dbmino
1870 2901 2018 3017 episco-

388 3051 440 3140 po
469 3035 678 3108 memorato
706 3033 745 3106 et
770 3021 848 3108 suis
876 3019 1186 3126 successoribuS,
1223 3019 1420 3140 pecuniam
1452 3017 1673 3106 decimalem
1704 3019 1820 3137 ipsius
1849 3020 2022 3108 volumus

390 3137 433 3226 et¹
456 3137 701 3257 promittimus
730 3169 753 3226 a
784 3137 893 3225 dictis
924 3138 1065 3226 nostris
1094 3135 1331 3226 kmetonibus
1360 3136 1521 3226 fideliter
1541 3152 1778 3256 extorquere.
1838 3137 2023 3226 Preterea
2098 3156 2104 3168 '

392 3255 511 3344 zelum
542 3259 748 3344 animarum
775 3255 977 3362 babentes,
1017 3285 1162 3374 easque
1195 3254 1331 3342 lucrari
1362 3255 1515 3345 domino
1543 3254 1700 3346 sollicite
1730 3257 1942 3374 cupientes,
1971 3253 2021 3344 ab

389 3374 524 3463 eodem
561 3373 713 3462 domino
749 3377 934 3494 episcopo
965 3387 1001 3462 et
1032 3373 1195 3508 capitulo
1224 3403 1297 3460 suo
1344 3374 1581 3492 presentibus
1615 3376 1930 3494 recognoscimus
1965 3369 2021 3488 (⁷)

391 3525 462 3580 nos
483 3495 688 3611 recepisse,
710 3495 864 3582 racione
885 3492 1007 3580 cultus
1028 3491 1088 3580 der
1110 3494 1145 3578 in
1166 3505 1297 3580 nostro
1319 3489 1490 3612 predicto
1511 3495 1742 3582 monasterio
1762 3491 1951 3613 augendi,
1983 3508 2021 3580 et

391 3613 426 3699 in
449 3611 689 3700 elemosinam
712 3611 808 3698 duas
830 3611 997 3700 decimas
1014 3611 1050 3698 in
1067 3617 1272 3698 Scurbowo
1292 3623 1329 3698 el
1349 3611 1386 3698 in
1402 3617 1584 3698 Buscocoo
1602 3608 1673 3724 (⁸),
1690 3613 1726 3698 in
1748 3611 1844 3698 villis
1866 3612 2018 3716 nostriS,

391 3758 487 3843 quas
508 3729 606 3818 idem
628 3729 801 3818 dominus
823 3731 1028 3848 episcopus
1050 3759 1133 3816 cum
1155 3759 1226 3816 suo
1248 3729 1428 3847 capitolo,
1460 3746 1499 3818 ut
1529 3731 1680 3820 liberius
1712 3731 1748 3816 in
1770 3729 1930 3818 cenobio
1952 3759 2019 3815 no·

392 3863 470 3936 stro
491 3849 662 3965 predicto
683 3849 935 3967 Byssouiensi
959 3847 1133 3936 Christus
1154 3863 1349 3954 exoretur,
1380 3847 1532 3936 tradidit
1551 3880 1599 3938 ac
1620 3849 1791 3954 contulit,
1822 3862 1862 3934 ut
1880 3847 1916 3932 in
1941 3845 2021 3933 suis

392 3973 430 4054 e't
450 3967 599 4086 capituli
630 3969 688 4054 sui
718 3969 835 4056 literis
872 3967 1017 4086 plenius
1044 3967 1273 4072 continetur,
1313 3998 1383 4086 pro
1413 3969 1554 4056 nostris
1590 3967 1785 4082 nostrique
1813 3977 2021 4052 conuentus

392 4083 549 4202 predicti
580 4085 722 4191 usibus,
752 4088 943 4204 perpetuis
964 4085 1196 4202 temporibus
1225 4115 1515 4204 permansuras,
1547 4099 1594 4192 et,
1619 4083 1775 4172 racione
1796 4080 2021 4181 donacionis

395 4433 399 4440 ·
438 4481 442 4490 Ι
495 4401 534 4484 (⁴)
569 4399 683 4466 Wtclno
698 4407 727 4466 et
742 4399 929 4467 Gocce'ercdz
941 4399 1028 4466 ullae
1036 4401 1098 4487 jorn
1114 4399 1253 4487 superius
1264 4399 1446 4486 descriptae:
1461 4399 1623 4481 Weluael,
1632 4395 1746 4480 Grion,
1762 4399 1911 4480 soronam
1925 4401 2012 4468 villae

393 4486 534 4554 territorii
551 4493 582 4552 et
595 4486 727 4572 regionis
741 4485 983 4588 degostieusis,
1003 4487 1034 4552 io
1048 4485 1091 4554 Μ.
1104 4487 1141 4554 D.
1160 4485 1370 4554 Posnaoionsi.

438 4585 445 4604 “
494 4571 533 4654 (³)
564 4569 784 4658 deportiemc.

508 4655 537 4733 οι
567 4657 826 4721 Contradicciorrc.

510 4740 534 4822 ²)
551 4738 848 4824 -Reconpcorcimua

496 4823 536 4909 (ὃ)
565 4822 740 4892 Skarbieuo
755 4833 786 4890 ot
800 4822 969 4890 Buczkowo
985 4823 1070 4892 villae
1084 4823 1226 4891 territorii
1242 4831 1273 4891 et
1286 4823 1422 4910 regionis
1446 4821 1677 4911 degostieosis.
