4878 5942
1120 721 1394 796 -338-

441 957 525 1016 mus
556 941 594 1014 et
614 925 733 1014 coiarn
754 923 992 1030 confitemur,
1025 954 1112 1026 noe,
1134 925 1283 1014 nomine
1304 921 1525 1037 Apostolice
1546 919 1723 1025 Camere,
1745 950 1767 1018 a
1789 920 2069 1016 venerabilibus

440 1047 530 1134 viris
560 1044 719 1132 dominis
755 1042 996 1132 Theoderico
1031 1038 1225 1162 preposito
1254 1041 1393 1146 electo,
1427 1039 1587 1128 Nicolao
1618 1037 1782 1143 deceno,
1813 1067 1861 1128 ac
1887 1041 2067 1130 dobanne

441 1162 720 1252 Archidiacone
740 1161 842 1273 (sic),
865 1176 902 1250 et
921 1160 1093 1249 larundo
1116 1159 1286 1274 Custode
1308 1159 1565 1262 Gneznensis,
1588 1156 1918 1248 Wladislavicnsis
1939 1159 2065 1248 eccle-

440 1282 580 1370 siarum
602 1280 825 1386 Canonicis,
862 1283 899 1368 in
920 1278 1191 1368 daduccionem
1213 1296 1375 1399 quatuor
1396 1277 1531 1366 milium
1551 1276 1781 1364 florenorum
1796 1280 1877 1366 auri
1893 1277 1942 1366 de
1957 1277 2067 1366 Hun-

441 1401 570 1522 μνία,
600 1399 691 1487 boni
711 1415 748 1486 et
767 1399 852 1487 iusti
873 1397 1072 1516 ponderis,
1106 1398 1268 1484 Camere
1297 1397 1519 1514 Apostolicc
1549 1393 1766 1514 supradicte
1795 1426 1866 1514 pro
1886 1395 1996 1488 bonis
2016 1425 2066 1484 co

339 1530 342 1538 ’
440 1517 592 1606 creditis
609 1533 646 1606 et
660 1517 794 1604 debitis
814 1515 1002 1634 quondam
1025 1517 1163 1602 domiui
1179 1516 1337 1604 Sbilutbi
1347 1513 1527 1634 Episcopi
1540 1513 1876 1621 Wladislaviensis,
1898 1544 1970 1602 neo
1989 1542 2066 1603 uon

439 1636 630 1740 fructibus,
640 1633 848 1725 redditibus
869 1650 906 1723 et
927 1635 1181 1753 proventibus,
1206 1635 1500 1722 obvencionibus
1520 1647 1557 1718 et
1570 1633 1719 1749 juribus
1739 1632 1790 1719 ad
1811 1661 1980 1749 mensam
2001 1661 2067 1719 su·

424 1765 501 1842 ‘um
521 1752 556 1840 E
585 1755 789 1873 isoopclem
810 1753 1088 1872 spectantibus,
1119 1755 1240 1842 eidem
1263 1752 1426 1841 Camere
1446 1750 1596 1859 debitio,
1618 1752 1723 1840 iuxta
1742 1768 1909 1840 tenorem
1931 1764 1967 1840 et
1987 1749 2065 1838 lor·

442 1903 539 1960 mam
557 1785 747 1960 literarum
769 1872 1072 1990 Apostolicarum
1093 1885 1131 1958 et
1150 1871 1287 1992 publici
1306 1872 1550 1974 instrumenti,
1570 1869 1803 1988 appensione
1818 1867 1929 1989 sigilli
1949 1867 2067 1956 nostri

442 1993 612 2080 consueti
633 1992 871 2109 presentibus
892 1989 1122 2106 subappensi
1162 1988 1289 2077 similis
1309 1990 1554 2076 communiter
1570 1989 1826 2076 confectorum
1847 1985 1981 2076 exinde
2001 1985 2066 2072 de·
2185 2008 2196 2080 j

441 2108 623 2214 bitorum,
655 2121 768 2226 prout
795 2110 832 2196 in
862 2107 1003 2196 eisdem
1032 2107 1170 2194 clarius
1190 2109 1420 2207 continetur,
1452 2106 1529 2196 duo
1550 2107 1648 2194 milia
1668 2105 1896 2194 florenorum
1917 2103 1999 2192 auri
2020 2101 2068 2192 de

439 2223 639 2344 Hungaria
651 2224 807 2343 predicti
825 2227 933 2314 nobis
946 2255 1014 2343 per
1029 2254 1109 2329 eos,
1127 2240 1201 2313 tanr
1219 2253 1289 2342 pro
1310 2227 1513 2343 seipsemet
1527 2227 1617 2338 (sic),
1639 2240 1676 2312 et
1691 2224 1772 2341 alijs
1788 2223 1887 2312 dicte
1904 2221 2068 2310 enclesis

442 2345 648 2451 canonicis,
669 2357 704 2432 el
726 2345 891 2462 quolibet
911 2346 1077 2462 ipsorum
1098 2343 1134 2430 in
1156 2343 1336 2450 solidum,
1358 2373 1469 2462 quam
1490 2373 1561 2462 pro
1582 2358 1661 2432 toto
1682 2343 1798 2458 ipsius
1814 2341 1977 2431 ecclesio
1995 2339 2068 2428 Ca·

442 2461 575 2578 pitulo,
606 2460 840 2582 singulisque
868 2461 1040 2580 personis
1071 2461 1239 2550 eiusdem
1269 2461 1531 2569 communiter,
1561 2490 1610 2548 nc
1630 2489 1759 2548 eorum
1780 2489 1927 2578 suoque
1949 2459 2066 2548 nocri-

442 2580 551 2702 nrbus
572 2609 641 2698 pro
663 2577 796 2668 eadem
817 2580 978 2668 Camere
998 2593 1204 2699 propterea
1225 2578 1451 2684 solutorum,
1481 2579 1659 2672 babuisse
1688 2593 1726 2666 et
1755 2579 1947 2694 recepisse
1978 2606 2066 2666 reo.

442 2697 525 2785 liter
544 2713 580 2786 et
601 2699 826 2804 manualiter
839 2715 1044 2788 numerata.
1087 2697 1147 2786 lle
1167 2697 1303 2820 quibus
1325 2697 1474 2818 quidem
1495 2697 1644 2788 duobus
1665 2695 1810 2787 milibus
1838 2695 2065 2790 llorenorum

442 2817 524 2902 auri
545 2815 593 2902 de
613 2815 810 2936 Hungaria
833 2847 901 2936 per
921 2818 1026 2935 ipsos
1047 2816 1156 2904 nobis
1185 2816 1336 2924 solutis,
1366 2831 1406 2906 ot
1429 2847 1501 2934 per
1531 2847 1602 2906 nos
1623 2815 1757 2904 habitis
1778 2831 1815 2905 et
1834 2813 2005 2932 receptis,
2027 2827 2066 2900 ut

443 2933 646 3046 prefertur,
668 2935 717 3021 ab
739 2936 805 3040 eis,
827 2937 932 3054 ipsos
945 2933 1117 3022 dominos
1146 2933 1426 3024 Theodericum
1446 2933 1621 3040 electum,
1648 2931 1847 3023 Nicolaum
1868 2931 2065 3034 decanum,

440 3049 652 3140 dohanncm
680 3053 984 3140 archidiaconum
1014 3066 1052 3140 et
1076 3051 1286 3138 derandum
1317 3050 1541 3158 Custodem,
1563 3067 1601 3141 et
1619 3051 1716 3140 alios
1734 3053 1836 3140 dicte
1857 3047 2065 3139 Wladisla·

444 3171 584 3260 viensis
620 3170 785 3258 ecclesie
823 3170 1043 3258 Canonicos
1075 3185 1111 3258 et
1144 3171 1361 3288 capitulum,
1395 3171 1640 3288 singulasque
1675 3199 1863 3287 personas
1897 3165 2066 3256 eiusdem

443 3290 686 3380 communiter
706 3301 744 3374 et
763 3289 963 3406 quemlibet
981 3287 1149 3406 ipsorum
1170 3289 1206 3376 in
1228 3288 1408 3396 solidum,
1435 3289 1657 3377 auctoritate
1678 3287 1897 3410 Apostolica
1933 3287 2068 3406 vigore

443 3408 678 3525 presencium
713 3408 916 3520 quitamus,
952 3425 989 3494 at
1024 3405 1256 3498 absolvimus
1283 3407 1432 3494 nomine
1461 3407 1701 3526 supradiet03
1735 3411 1842 3526 ipsos
1869 3423 1906 3494 et
1936 3433 2065 3491 eorum

310 3529 332 3657 '²-
443 3523 1570 3732 llllllllltlltffl'llll‘albot-bb
1588 3527 1862 3734 rnnnpnhs
1882 3521 2066 3729 llll

1232 3676 1251 3731 s
1331 3677 1353 3729 u
1446 3676 1456 3731 r
1574 3675 1621 3731 uo
1655 3676 1753 3734 num
1808 3675 1947 3732 orenr

443 3759 543 3848 dicto
565 3673 721 3846 tedmino
743 3789 817 3845 non
838 3674 1047 3866 sbldelunt,
1083 3775 1120 3847 et
1148 3669 1242 3847 blias
1259 3671 1329 3848 ’ard
1349 3761 1547 3878 neglencia
1574 3764 1654 3860 (sio)
1682 3763 1741 3852 vel
1772 3761 2008 3852 contumacia
2029 3759 2065 3844 in

441 3881 550 3966 lactis
579 3877 790 3964 huiusmodi
816 3880 951 3996 vigore
971 3893 1183 3965 nostrorum
1205 3907 1451 3997 processuum
1473 3896 1606 3969 contra
1626 3871 1694 3971 'eos
1715 3878 1852 3968 exinde
1873 3879 2065 3967 conlecto-

442 4028 542 4102 rum,
564 4027 633 4085 scu
653 3993 727 4083 alio
750 3995 1000 4114 quouismodo
1016 3997 1248 4085 incurrerunt
1263 3997 1322 4083 vel
1337 3999 1797 4110 incurrerit(sio)lorsitan,
1813 3999 2066 4098 absolventes,

443 4133 480 4204 et
508 4145 592 4220 cunr
625 4113 768 4202 eisdem
792 4143 845 4210 ‚ac
871 4143 1002 4202 corum
1034 4113 1192 4234 singulis
1213 4143 1329 4232 super
1348 4116 1680 4235 irregularitatem,
1716 4148 1827 4238 quam
1859 4147 1903 4204 sc
1923 4115 2065 4202 interior

442 4231 687 4320 immiscendo
708 4231 841 4322 divinis
862 4231 1070 4321 inciderunt
1089 4233 1149 4320 vel
1170 4233 1297 4321 incidit
1316 4233 1584 4352 quouismodo,
1615 4233 1819 4324 dummodo
1841 4235 1877 4322 iu
1897 4245 2066 4321 contem·

442 4349 854 4468 ptumolaviumsen‘on
875 4351 1151 4438 immiscuerunt
1161 4349 1243 4464 (sic)
1255 4349 1313 4440 vel
1323 4353 1722 4462 immiscueriteisdem,
1742 4383 1857 4474 super
1878 4381 1953 4474 quo
1973 4379 2067 4438 con·
2087 4359 2102 4412 ·'

442 4469 644 4556 scienciam
666 4500 795 4556 eorum
818 4499 1039 4571 oneramus,
1077 4471 1299 4560 auctoritate
1320 4486 1356 4558 el
1377 4472 1525 4559 nomine
1546 4473 1788 4592 supradictis,
1824 4473 1958 4591 vigore
1979 4497 2066 4587 pre·

442 4587 610 4675 sancium
644 4589 764 4675 eciam
792 4587 1076 4704 dispensantes,
1109 4619 1206 4708 quas
1239 4588 1274 4674 in
1303 4589 1551 4677 testimonium
1580 4593 1851 4710 premissorum
1899 4619 1940 4675 er
1961 4600 2065 4674 nota·
2119 4673 2127 4684 ,

443 4705 539 4806 rium
561 4719 728 4792 nostrum
748 4705 1024 4824 inlrascriptum
1045 4707 1177 4811 scribi,
1207 4705 1405 4824 publicari,
1437 4709 1473 4794 in
1496 4707 1597 4798 hano
1617 4710 1774 4798 lonnarn
1795 4619 1984 4828 publicam
2005 4735 2066 4793 re·

442 4822 520 4943 digi
548 4837 585 4910 et
604 4823 808 4929 subscribi,
828 4846 876 4910 ao
897 4824 1008 4943 sigilli
1029 4827 1146 4914 nostri
1166 4826 1339 4914 consueti
1366 4827 1601 4944 appensione
1634 4827 1744 4917 solita
1779 4829 1946 4918 lecimus.
1965 4853 2067 4912 corn·
