4896 5926
996 770 1045 834 .·.
1094 779 1143 853 pl
1187 739 1245 834 ’.-

1070 1075 1183 1192 cttt

408 1343 722 1452 ,squ-aum,
748 1364 905 1432 aneo
929 1343 1076 1433 me
1102 1345 1196 1431 ece
1220 1343 1299 1434 ze
1325 1349 1527 1434 mnas
1556 1348 1829 1478 neum.

212 1502 214 1507 .
304 1549 458 1624 mc·
478 1547 550 1634 ltux
571 1548 720 1642 ennon
742 1567 875 1640 poem
887 1548 984 1642 ntge
1002 1549 1127 1618 Tmou
1141 1549 1256 1626 ttcten
1276 1549 1484 1642 unnungo
1501 1551 1623 1626 lentini
1638 1555 1673 1625 et
1685 1523 1807 1626 tttlkiui
1822 1552 1936 1628 scuto·

376 1651 702 1760 tenementum
716 1653 929 1726 oeennuon
943 1651 1067 1741 ouo,
1089 1669 1209 1746 eosque
1224 1651 1463 1752 nuttetojuo
1477 1651 1555 1726 ttoni
1569 1651 1711 1748 turtuegt
1725 1653 1796 1786 tutt
1810 1653 1861 1741 (¹1.
1953 1717 1954 1722 .

406 1877 448 1964 ln
476 1877 625 1965 nomine
654 1875 809 1978 domini,
839 1907 961 1964 ernon.
1014 1877 1125 1966 Anno
1153 1873 1322 1962 eiusdem
1350 1875 1544 1963 millesimo
1571 1873 1829 1964 ducentesimo
1850 1907 1938 1994 sep·

307 1997 520 2116 tuagesitno
552 2010 673 2082 sexto.
725 1993 809 2082 Nos
839 1993 980 2084 Lestko
1017 1993 1077 2083 dei
1112 1997 1247 2116 gracia
1284 1993 1370 2082 Dux
1406 1993 1657 2102 Sirodiensis,
1694 2009 1820 2082 ootutn
1854 2025 1942 2083 esse

308 2113 479 2203 vntunus
510 2114 713 2202 uniuersis:
755 2112 874 2228 Quod
908 2107 1106 2234 priuilegio
1147 2111 1297 2200 Muttini
1333 2127 1370 2202 et
1407 2111 1579 2215 Wittint,
1616 2111 1857 2202 scuitetorutu
1894 2111 1944 2199 de

314 2237 487 2333 wareto,
512 2231 594 2320 viso
616 2247 653 2318 et
674 2231 818 2348 plenius
836 2233 1039 2340 intellecto,
1060 2247 1293 2350 perpetrem
1315 2245 1483 2318 nostrum
1504 2231 1648 2319 foelicis
1669 2231 1944 2318 recordationis

307 2351 363 2438 eis
384 2347 494 2438 doto:
524 2379 608 2438 oum
640 2377 800 2464 poenum
821 2351 1118 2458 innotuissemus,
1148 2377 1247 2468 quae
1277 2347 1452 2466 polonice
1481 2355 1643 2440 trouu
1671 2365 1847 2451 vocetur,
1865 2379 1946 2465 per
2053 2405 2061 2439 1

306 2496 378 2554 nos
393 2468 444 2571 ‚in
465 2478 567 2550 terre
596 2465 933 2572 nostreuieletutn,
962 2466 1010 2552 de
1032 2497 1222 2555 consensu
1245 2483 1282 2553 et
1301 2467 1491 2553 voluntate
1513 2479 1802 2553 memoratorum
1831 2465 1885 2552 M.
1908 2482 1946 2553 et
2001 2497 2007 2510 ·

305 2578 391 2689 W„
416 2583 537 2718 ipsene
558 2579 792 2670 aboleuimus
820 2583 1095 2702 inperpetuum
1123 2583 1171 2670 de
1219 2581 1389 2702 riuiiegio
1412 2582 1637 2690 eorundem
1666 2599 1704 2670 et
1732 2585 1807 2670 hoc
1833 2587 1945 2670 etiem

308 2697 411 2822 quod
430 2731 467 2788 tn
488 2698 623 2787 eodem
646 2699 865 2808 continetur,
886 2701 1075 2790 videlicet:
1097 2613 1216 2822 quoti)
1220 2701 1252 2786 si
1273 2699 1502 2787 Teutonicus
1523 2699 1720 2803 Peionunt,
1742 2700 1804 2788 vel
1824 2701 1944 2788 Poto..
2012 2755 2015 2762 ·
2060 2788 2067 2823 ¹

308 2849 379 2910 uus
408 2817 653 2908 Teutonicum
683 2817 894 2926 occideret,
925 2835 1000 2908 tres
1022 2849 1153 2912 necnee¹
1179 2819 1328 2938 ungenti
1357 2818 1467 2906 nobis
1496 2815 1686 2906 debebunt
1712 2817 1811 2908 deri:
1843 2816 1945 2937 quod

310 2951 391 3026 eret
410 2939 621 3054 controjus
643 2943 679 3025 e‘t
694 2933 1003 3026 consuetudinem
1019 2943 1221 3054 Noue'sore'.
1259 2936 1338 3026 Sed
1361 2967 1431 3024 nos
1452 2937 1488 3024 in
1511 2935 1683 3024 omuibus
1705 2937 1762 3025 ius
1779 2936 1946 3026 eiusdem
2053 2932 2058 2957 ¹
2143 2921 2148 2928 ¹

146 3083 149 3092 ¹
309 3061 413 3147 Noui
427 3059 511 3170 sori
528 3054 635 3144 dictis
655 3053 709 3142 M.
732 3069 769 3143 et
789 3053 854 3144 W.
877 3057 1043 3146 scultetis
1065 3069 1253 3144 eteorum
1276 3055 1440 3175 posteris
1462 3053 1669 3144 obseruare
1689 3053 1947 3144 inuiolabiliter

144 3269 149 3278 ,
309 3175 564 3294 promittentes
574 3174 593 3279 ,”
615 3175 775 3262 maxime
796 3207 843 3262 ne
864 3175 1035 3264 homines
1056 3187 1186 3264 esseut
1206 3175 1404 3294 proniores
1430 3171 1479 3263 od
1506 3167 1704 3260 homicidio
1725 3187 1946 3310 perpetren-

312 3291 380 3397 da,
408 3293 620 3383 statuimus:
653 3289 755 3410 quod
777 3293 809 3380 si
829 3291 1059 3382 Teutonicus
1089 3292 1294 3398 Polouum‚
1321 3289 1380 3380 vel
1402 3291 1574 3382 Polouus
1595 3291 1856 3396 Teutonicum
1884 3305 1949 3380 aut

312 3409 344 3498 T
346 3409 541 3518 colonicus
563 3411 673 3500 olium
696 3409 943 3498 Teutonicum
964 3409 1167 3520 occideret,
1190 3409 1322 3498 decem
1345 3440 1494 3498 merces
1515 3411 1662 3530 eugenti
1682 3407 1794 3500 nobis
1814 3409 1948 3511 soluet,

317 3529 527 3648 dequibus
557 3530 719 3650 quinque
746 3530 972 3618 relaxemus.
1024 3529 1067 3618 Si
1087 3559 1179 3618 vero
1200 3529 1295 3618 inter
1322 3529 1420 3616 duos
1447 3528 1618 3616 Polonos
1645 3539 1863 3632 extraneos
1888 3527 1948 3616 vel

230 3737 236 3744 ,
316 3647 411 3736 inter
439 3647 683 3738 Teutonicum
715 3663 752 3736 et
781 3646 965 3736 Polonum
998 3671 1115 3764 causo
1146 3663 1227 3736 ortu
1258 3647 1365 3736 fuerit
1395 3677 1463 3766 pro
1490 3643 1616 3734 debito
1644 3647 1703 3734 vel
1729 3647 1853 3766 ulique
1875 3647 1948 3735 ulio

315 3793 426 3854 cosu:
456 3765 543 3854 dicti
571 3763 624 3852 M.
647 3781 684 3852 et
705 3763 769 3854 W.
798 3765 944 3854 sculteti
970 3767 1076 3884 ipsos
1103 3797 1178 3854 non
1207 3765 1440 3872 iudicabuot3
1468 3764 1538 3852 sed
1567 3763 1615 3852 ed
1644 3765 1725 3852 iilos
1752 3767 1949 3864 remittent,

311 3912 471 4002 quorum
493 3886 678 4004 pertinent
698 3883 941 3973 iurisdioioni:
969 3885 1039 3972 nisi
1060 3887 1154 3972 forte
1177 3884 1387 3974 violentiam
1408 3884 1467 3972 vel
1490 3881 1630 3970 crimen
1652 3895 1772 3970 morte
1793 3881 1948 4000 dignurn

313 4001 556 4092 committent.
603 3999 655 4090 Et
675 4003 730 4090 sic
751 4003 783 4090 si
804 4003 976 4092 Polonus
996 4001 1184 4092 Polonuut
1206 4001 1365 4104 occidet,
1388 4017 1464 4089 tres
1485 3997 1637 4088 morooe
1659 4005 1792 4088 nostro
1807 3997 1949 4115 judicio

312 4121 508 4211 memorati
529 4121 603 4208 loci
624 4119 868 4211 debebuntur.
921 4119 1067 4210 Omnes
1088 4135 1212 4210 eutem
1233 4119 1329 4210 ulios
1350 4115 1529 4208 articulos
1556 4121 1592 4206 in
1613 4115 1810 4238 priuilegio
1831 4117 1949 4244 petris

311 4239 432 4330 nostri
453 4268 661 4360 expressos
683 4237 972 4350 confirmamus3
1004 4239 1111 4328 ouius
1131 4251 1239 4326 tenor
1262 4237 1344 4326 telis
1366 4251 1440 4326 est:
1583 4231 1590 4240 '

412 4355 455 4444 lo
483 4357 633 4448 nominc
663 4357 822 4466 domini,
856 4387 976 4449 auten.
1032 4355 1125 4472 (Hic
1154 4357 1322 4476 sequitur
1354 4355 1587 4476 priuilegium
1624 4353 1796 4442 Cosimiri
1828 4350 1948 4446 Ducis
2062 4373 2067 4389 '

312 4470 515 4564 Loncioiee
536 4489 574 4562 et
596 4477 777 4595 Cujeviee
798 4505 898 4562 enno
919 4481 1024 4562 1255.
1059 4473 1223 4564 Mortino
1245 4491 1283 4563 et
1303 4471 1470 4563 Wilkino
1491 4471 1635 4564 ciuibus
1656 4471 1949 4591 Syiadiensibus

314 4592 455 4704 dotum,
476 4597 651 4715 superius
672 4593 736 4682 N¹⁰
756 4593 893 4685 thv.
915 4625 952 4715 p.
972 4599 1024 4684 53
1047 4595 1146 4724 typis
1168 4591 1424 4714 descriptum).

358 4774 361 4780 .
415 4827 467 4980 (02.
481 4830 508 4896 Ε
523 4829 606 4932 iibeis
620 4774 713 4896 noenu
728 4829 845 4916 ueuiptis
859 4830 1223 4940 Vopseviooeuutnhpterii·
1232 4830 1344 4916 pubiici
1358 4829 1456 4916 Regni
1473 4829 1625 4904 Potoniee,
1640 4835 1670 4896 o
1684 4828 1806 4928 quioem
1822 4849 1840 4894 e
1855 4827 1946 4894 turio

310 4957 332 4991 „
343 4911 417 4999 Wyt·
482 4911 660 5002 Tiybunelu
676 4915 858 4998 Kotenna
872 4915 1125 5004 &consono
1154 4916 1250 4995 dectus,
1264 4917 1317 4986 N'·
1330 4917 1354 4984 i.
1369 4939 1397 5003 p.
1412 4914 1475 4984 otc
1490 4915 1526 5000 (e.
1540 4915 1632 4998 totu)
1648 4913 1843 4998 desumptum.

244 5043 251 5050 '
350 5073 356 5090 ·
967 5051 970 5058 ’
1745 5029 1790 5086 te*
