4878 5942
1126 765 1171 776 —
1226 708 1302 798 ³¹10
1356 763 1398 774 -

453 929 681 1018 decimarum
703 923 979 1046 predictarum,
1010 927 1255 1044 promittimus
1276 924 1434 1043 singulis
1455 923 1673 1038 septimanis
1695 949 1805 1007 onam
1823 921 1987 1027 missam,
2007 929 2082 1042 pro'

451 1048 618 1136 remedio
650 1049 855 1136 animarum
886 1045 1121 1132 dominorum
1153 1047 1420 1162 episcoporum
1442 1057 1479 1129 et
1498 1041 1779 1128 benefactorum
1802 1039 1964 1126 ecclesia
1983 1041 2078 1128 wla-

450 1166 708 1268 dislouicnsis,
740 1165 949 1282 septimana
970 1163 1137 1280 qualibet
1156 1163 1364 1249 celebrare.
1413 1160 1456 1248 ln
1492 1161 1599 1246 cuius
1628 1157 1681 1246 rei
1703 1158 1951 1245 testimonium
1972 1171 2010 1244 et
2028 1157 2078 1245 ad

450 1283 684 1371 cuidenciam
707 1283 931 1401 pleniorem,
963 1295 1130 1368 nostrum
1153 1294 1190 1366 et
1211 1294 1420 1367 conuentus
1442 1280 1558 1366 nostri
1581 1277 1737 1396 predicti
1769 1275 1894 1394 sigilla
1922 1305 2078 1394 presen-

452 1403 552 1490 tibus
582 1417 668 1490 sunt
703 1431 887 1518 appensa.
948 1398 1085 1486 Datum
1123 1415 1160 1485 et
1194 1394 1319 1485 actum
1354 1403 1544 1502 Ituraeos,
1586 1396 1747 1483 sabbato
1780 1395 1875 1481 inira
1904 1408 2078 1481 octauam

452 1521 624 1626 Pascha,
656 1551 757 1608 anno
779 1517 919 1606 domini
939 1516 997 1606 lll⁰
1020 1519 1068 1605 C⁰
1086 1516 1195 1605 C⁰C⁰
1216 1517 1460 1636 sexagesimo
1481 1513 1662 1603 secundo.

1154 1883 1385 2001 CCClllll.

601 2121 941 2219 cracoviae,
969 2139 1124 2208 ammo
1151 2118 1304 2206 1³63
1331 2119 1935 2228 ottc23mcmtclt1mti.
2040 2154 2044 2166 =

454 2325 672 2415 Aglaum
696 2324 910 2398 consentiente
925 2323 1037 2398 nanto
1053 2341 1111 2398 ono
1125 2323 1271 2410 botrata,
1292 2324 1428 2398 terrola
1442 2323 1538 2400 rtltno
1552 2326 1704 2416 toarno,
1717 2324 1825 2398 villan
1844 2323 2010 2392 Orraamce
2022 2321 2081 2396 Ιι·

453 2428 540 2500 tbioo
556 2427 711 2500 omnum
726 2425 980 2498 litabrlauianri
994 2425 1145 2518 fratrique
1168 2426 1312 2520 rjmton
1326 2427 1474 2514 hirson,
1488 2427 1709 2500 uztrmmitur
1724 2426 1828 2514 lictis,
1842 2425 2082 2521 roucourt,
2118 2513 2121 2520 ,

831 2527 1041 2600 uenditionem
1063 2527 1231 2600 variminus
1251 2529 1321 2600 ltux
1340 2533 1444 2602 roton
1459 2529 1637 2624 essenon
1657 2529 1705 2614 (¹).

557 2734 599 2821 ln
630 2737 779 2820 nomine
810 2731 968 2841 domini,
999 2763 1122 2826 amen.
1185 2733 1349 2853 Dignum
1380 2745 1456 2838 est,
1495 2747 1630 2840 ntea,
1668 2757 1742 2846 quo
1769 2762 1898 2821 coram
1927 2725 2080 2851 Regum

457 2853 675 2969 Capitaneis
710 2851 989 2940 racionabiliter
1022 2851 1259 2956 ordinantor,
1299 2852 1439 2939 merito·
1467 2851 1672 2939 eorundem
1703 2881 1837 2971 regom
1863 2852 1979 2939 literis
2014 2851 2081 2940 de·

458 2971 572 3059 beant
591 2969 825 3058 conlirrnari:
858 2969 1036 3088 quodque
1063 2972 1229 3088 ipsorum
1258 2969 1461 3089 magnifica
1481 2969 1562 3056 lieri
1583 2968 1750 3057 decreuit
1770 2973 1992 3074 auotoritas,
2022 3001 2083 3058 ra-

457 3106 532 3177 tum
554 3107 667 3210 atque
695 3087 828 3176 stabile
858 3104 1042 3206 perpetuo
1072 3087 1210 3176 debeat
1239 3117 1473 3208 permanere.
1533 3087 1653 3208 Igitur
1682 3117 1754 3174 nos
1773 3086 2002 3190 Kazimirus,
2023 3087 2083 3175 dei

458 3209 591 3324 gracia
620 3206 708 3296 Rex
735 3207 915 3314 Polonie,
952 3236 1024 3294 nco
1055 3237 1131 3296 non
1160 3222 1344 3294 terrarum
1375 3205 1583 3310 Craoouie,
1615 3204 1874 3314 Sandomiria,
1906 3207 2090 3324 Syradle,.

458 3324 659 3430 Lanoicie,
692 3323 884 3442 Cuyauie,
916 3323 1166 3430 Pomorania,
1197 3323 1416 3444 Russieque
1437 3321 1610 3411 dominus
1631 3339 1669 3412 et
1688 3321 1819 3429 teres,
1878 3339 2007 3413 uotum
2028 3327 2084 3412 la·
2242 3339 2245 3348 ’

458 3447 577 3532 cimus
607 3444 846 3560 presentibus
874 3454 913 3530 et
941 3443 1091 3546 futuris,
1122 3443 1257 3561 quibus
1285 3440 1437 3560 expedit
1457 3442 1653 3529 uniuersis:
1716 3439 1834 3558 Quod
1854 3443 2084 3532 accedentes

458 3560 509 3649 ad
531 3575 699 3647 nostram
736 3577 1027 3678 nostrorumque
1053 3561 1248 3650 Baronum
1274 3559 1512 3680 presenciam
1550 3559 1713 3649 lllatbias
1741 3562 1946 3650 canonicus
1967 3561 2083 3650 lanci-

459 3679 599 3767 ciensis
621 3708 705 3764 cum
726 3681 840 3789 tratre
861 3709 932 3766 suo
954 3708 1139 3797 germano
1161 3679 1343 3784 Andrea‚
1374 3677 1462 3766 dicti
1494 3677 1747 3783 CziobroneS,
1778 3679 1991 3768 obtulerunt
2017 3709 2084 3768 no·

457 3798 517 3885 bis
539 3793 728 3916 quandam
746 3797 888 3882 literam
905 3795 1027 3884 tidelis
1049 3799 1167 3885 nostri
1189 3797 1366 3916 Dyuissij‚
1390 3795 1574 3914 capitanei
1594 3795 1840 3902 lanciciensis,
1860 3799 2084 3888 autenticam

459 3945 576 4034 super
595 3915 862 4033 resignacione
893 3913 1088 4001 cuiusdam
1120 3911 1337 4003 hereditatis
1368 3917 1460 4034 ipsis
1481 3945 1610 4003 coram
1641 3913 1775 4003 eodem
1797 3915 2006 4034 Capitoneo
2032 3917 2086 4004 iass

460 4051 541 4140 cta,
572 4047 745 4151 petentes
772 4029 933 4122 eandem
963 4031 1106 4120 literam
1138 4033 1292 4122 anobis
1312 4034 1495 4121 humiliter
1516 4033 1747 4142 confirmari,
1776 4034 1885 4122 ouius
1904 4033 2086 4156 siquidem

465 4151 570 4238 litere
592 4151 641 4237 dc
662 4151 784 4239 uerbo
805 4149 855 4238 ad
876 4150 1031 4238 verbum
1054 4149 1261 4239 dinoscitur
1282 4183 1370 4241 esse
1391 4152 1474 4241 talis
1495 4167 1613 4240 tenor:

563 4267 646 4356 Nos
675 4268 877 4386 Dyuissius
908 4267 1138 4386 Capitoneus
1170 4271 1404 4359 lanciciensis
1434 4269 1582 4388 publico
1603 4267 1822 4388 profitemur
1850 4271 2088 4389 presentibus

461 4387 674 4490 allaturis,
709 4387 947 4504 presencium
968 4389 1143 4476 noticiam
1164 4385 1358 4478 habituris:
1420 4387 1537 4502 Quod
1579 4388 1732 4477 domina
1752 4390 1921 4508 Agletba
1947 4389 1997 4476 ad
2018 4419 2088 4477 no·

462 4520 578 4592 stram
616 4503 890 4624 Baronumque
911 4519 1010 4593 terre
1032 4505 1268 4596 lanciciensis
1290 4509 1544 4624 presenciam,
1575 4535 1647 4596 suo
1669 4537 1754 4595 cum
1776 4509 1909 4597 marito
1929 4505 2089 4596 Bolesta

564 4751 605 4836 l¹l
647 4753 693 4817 Ex
715 4754 875 4841 archetypo
898 4755 1129 4822 membranaceo
1149 4757 1356 4824 Varsaricosis
1376 4755 1515 4822 abnuerit
1540 4754 1653 4845 publici
1677 4758 1774 4844 Regni
1798 4737 1957 4836 amonius,
1980 4767 2012 4824 ot
2025 4760 2089 4845 qui·

461 4837 531 4906 dam
546 4837 600 4904 ΝΜ
619 4835 701 4902 1550
715 4837 907 4924 descriptum.
933 4839 1068 4924 Sigillum
1081 4841 1175 4906 deest
