4876 5940
324 946 503 1068 predictis
518 948 614 1040 nilla
634 949 862 1068 eteaalcsds
882 949 921 1038 in
939 951 998 1040 cis
1009 951 1241 1040 inconibus:
1259 961 1384 1071 prout
1402 949 1439 1038 iu
1460 946 1573 1038 litoris
1589 951 1850 1070 monrium
1869 983 1944 1042 sm

323 1067 492 1187 pmboo
513 1069 705 1160 conlectis¹
723 1071 869 1190 plurius
883 1071 1114 1177 cootmetur3
1144 1070 1252 1178 visis,
1282 1067 1419 1160 auditis
1453 1083 1494 1159 et
1525 1069 1718 1158 inteloctis
1742 1072 1942 1189 pmbnn'os

325 1187 454 1292 adnue,
475 1190 705 1292 rosionibus,
727 1189 875 1276 iuribus
895 1203 933 1276 et
950 1188 1024 1276 allo
1080 1189 1250 1278 sionibus
1271 1189 1464 1308 utriusque
1482 1188 1620 1307 partis,
1651 1189 1848 1308 probabita
1876 1219 1941 1280 no

324 1305 468 1396 bianum
497 1321 535 1397 ut
555 1312 640 1395 cum
661 1309 787 1426 pen'tis
820 1323 857 1396 et
877 1309 1035 1428 sapienti
1063 1337 1107 1394 us
1142 1307 1421 1396 deliberacione
1455 1306 1670 1414 sullicienti,
1711 1323 1748 1396 et
1770 1309 1942 1398 omnibus

325 1425 438 1544 pleno
451 1427 650 1532 discussis,
671 1426 906 1546 presentibus
926 1427 1036 1515 dictis
1055 1425 1215 1516 dominis
1234 1427 1410 1514 iratribus
1431 1427 1580 1534 nostris,
1601 1426 1661 1513 dei
1676 1427 1942 1516 nomineinuo-

325 1557 424 1651 aeto,
445 1547 745 1664 pronunchmurs,
764 1545 972 1652 laudamus,
993 1546 1280 1650 sentenciamus,
1310 1544 1525 1634 ordinamus
1545 1561 1581 1634 et
1600 1545 1814 1640 diffinimus:
1840 1546 1942 1666 quod
2002 1575 2007 1590 ·

325 1664 517 1752 terminum
539 1666 622 1776 (sic)
643 1663 810 1753 villarum
832 1667 1036 1754 iacencium
1057 1666 1094 1752 in
1113 1665 1302 1783 parochiis
1323 1663 1486 1754 ecclesia
1504 1693 1573 1754 scu
1592 1671 1784 1780 hospitates
1812 1670 1946 1784 Sancti

328 1786 516 1870 Gellardr'
538 1799 574 1871 et
599 1783 760 1872 ecclesie
791 1782 841 1872 de
869 1790 1121 1890 Bcbrounrlo',
1151 1813 1199 1872 uc
1218 1783 1379 1874 ecclesie
1400 1783 1448 1872 de
1468 1790 1657 1898 Pramum
1689 1815 1844 1903 quarum
1874 1785 1941 1874 vil·
2030 1849 2033 1858 Δ

324 1899 442 1988 larum
463 1904 611 1990 nomino
632 1916 719 1990 sunt
738 1902 829 1990 bec:
859 1908 1121 2010 Zarzecmiee,
1155 1905 1331 2016 Crumpo,
1365 1904 1578 2007 Crom'cr'no,
1609 1909 1757 2018 Leayc,
1784 1909 1941 2006 memo,

327 2025 516 2108 Ostrcue'tc
536 2033 574 2108 ot
591 2027 829 2110 lludcnn'czc:
860 2023 945 2110 item
974 2022 1306 2139 vittepertinemes
1325 2019 1375 2108 ad
1396 2021 1596 2110 ecclesiam
1625 2021 1673 2110 de
1702 2029 1942 2110 Bobrounicz

324 2138 424 2251 (siclz
453 2145 667 2242 Malesouo,
689 2147 856 2244 Brczno,
886 2148 1052 2230 Paccne:
1081 2143 1168 2229 ilem
1196 2115 1280 2228 villo
1308 2139 1359 2228 ad
1382 2139 1584 2230 ecclesiam
1605 2143 1641 2228 in
1662 2146 1838 2256 Praeparat
1855 2171 1942 2258 pcr-

324 2260 499 2346 tinentes:
530 2265 710 2370 actitant,
743 2266 933 2353 Pctlrstolu
955 2275 999 2348 et
1030 2259 1216 2348 Zamnmo
1247 2289 1381 2352 versus
1411 2275 1547 2354 terram
1580 2266 1835 2364 dobmiccnsem
1865 2257 1942 2372 (⁴),

323 2391 410 2465 sunt
430 2388 466 2464 et
486 2405 573 2466 erse
594 2373 730 2467 debent
751 2379 941 2496 perpetuis
961 2377 1192 2496 temporibus
1212 2379 1317 2468 limes
1339 2380 1432 2466 inter
1452 2375 1643 2494 dyoceses
1665 2377 1940 2468 wladislauien·

323 2525 405 2605 sem
426 2511 462 2584 et
481 2495 710 2614 plocensem.
741 2497 836 2612 ltem
857 2498 1163 2613 pronunciamus,
1185 2494 1360 2602 dicimus,
1380 2498 1657 2606 sentenciamus
1677 2510 1715 2584 ot
1734 2496 1943 2604 diffinimus,

324 2611 427 2734 quod
446 2616 644 2704 omacius
669 2613 906 2733 episcopale,
936 2645 1012 2735 quc
1031 2611 1082 2704 ad
1103 2613 1226 2734 legem
1247 2608 1518 2704 iurisdicciocis
1542 2629 1582 2707 ot
1600 2613 1877 2730 dyocesanam,
1906 2610 1955 2708 ot
2028 2627 2033 2638 '

152 2801 159 2812 .
323 2763 505 2851 expresse
525 2731 723 2822 decimein
742 2733 914 2822 omnibus
928 2734 1153 2853 coargutis
1172 2729 1268 2822 villis
1282 2731 1475 2852 predictis,
1489 2732 1586 2867 inter
1600 2733 1780 2850 prelatum
1795 2731 1943 2820 limitem

324 2865 362 2940 et
381 2851 531 2940 lluuium
560 2857 715 2968 Wyslcm
735 2853 957 2958 iacentibus,
988 2851 1038 2940 ad
1057 2850 1276 2970 prelibatum
1298 2849 1484 2939 domiuum
1501 2879 1720 2970 eprscopum
1737 2847 1943 2938 Wladisln·

323 2972 491 3063 uiensem
514 2985 552 3062 et
569 3001 676 3067 suam
699 2972 898 3065 ecclesiam
916 2972 1084 3061 similiter
1103 2970 1266 3065 debcant
1285 2971 1482 3088 pertinere.
1542 2968 1628 3058 Hcc
1657 2968 1832 3078 dicimus,
1862 2968 1942 3058 lau·

324 3089 458 3184 damus
478 3105 516 3177 ct
535 3068 749 3198 diffinimus,
780 3109 975 3180 reseruata
996 3083 1121 3197 nobis,
1143 3082 1178 3178 ¹si
1199 3119 1296 3208 opus
1316 3090 1424 3178 luerit
1452 3103 1489 3177 et
1520 3087 1726 3208 expediens
1747 3087 1943 3197 videbitur,

323 3226 490 3300 nostrum
510 3209 719 3312 arbitrium,
750 3209 918 3317 laudum,
950 3211 1303 3330 pronunciacicnem
1323 3237 1372 3298 ac
1392 3205 1640 3296 difinicicnem
1665 3207 1944 3325 interpretandi,

324 3326 541 3449 comigendi
561 3345 598 3416 et
618 3327 861 3433 emendandi,
891 3331 1003 3450 plena
1023 3342 1061 3416 et
1081 3326 1296 3421 omnimoda
1316 3343 1513 3444 potestate.
1554 3315 1643 3442 Qud
1664 3328 1788 3416 omnia
1809 3343 1846 3414 et
1865 3328 1943 3416 sin·

323 3448 415 3566 gulo
440 3447 656 3566 supradicta
678 3445 834 3544 dicimus
855 3464 892 3536 ct
912 3445 1155 3568 precipimus,
1186 3445 1258 3544 sub
1278 3475 1377 3564 pena
1405 3446 1441 3534 in
1462 3445 1735 3564 compromisso
1756 3458 1943 3552 contenta,

324 3593 393 3684 per
410 3579 607 3687 utramque
626 3569 794 3685 parcium
815 3567 1065 3688 predictarum
1086 3565 1226 3656 debere
1247 3581 1430 3691 perpetuo
1450 3563 1604 3654 tirmiter
1631 3581 1668 3654 et
1687 3563 1945 3654 inuiolabiliter

324 3685 529 3774 cbsemari
586 3684 632 3773 lu
652 3687 761 3774 orius
777 3689 833 3776 mi
850 3687 1108 3792 monium,
1129 3699 1328 3804 presentes
1347 3685 1477 3774 literas
1491 3683 1607 3774 scribi
1630 3685 1803 3791 lecimus,
1835 3697 1873 3770 et
1891 3687 1943 3773 si-

354 3803 497 3892 'llorum
518 3818 732 3894 nostrorum
752 3807 983 3930 appensione
1004 3805 1154 3919 muniri„
1178 3803 1314 3892 Actum
1330 3817 1368 3892 et
1382 3803 1507 3914 datum
1529 3803 1565 3896 ia
1585 3811 1706 3910 Runa,
1724 3803 1840 3922 opido
1857 3802 1940 3914 (sic)

323 3833 515 4028 blasouie,
545 3925 773 4044 gneznensis
803 3924 990 4044 dyocesis,
1011 3925 1046 4013 in
1069 3913 1230 4014 ecclesia
1251 3917 1474 4043 parochiali,
1493 3919 1548 4010 lll
1568 3951 1689 4010 nonas
1710 3919 1943 4038 septembris,

190 4063 196 4074 '
322 4073 422 4134 anno
443 4043 580 4131 domini
600 4041 657 4133 Μ’
678 4043 797 4134 CCC⁰
817 4046 994 4136 vicesimo
1014 4039 1147 4163 primo.
1169 4031 1417 4132 Prosentibus
1450 4039 1729 4129 honorabilibus
1745 4055 1783 4126 et
1803 4038 1942 4128 discre-

322 4307 487 4391 Duat'ncn,
508 4308 564 4412 lost
584 4329 707 4474 me
730 4309 790 4377 elia
809 4309 877 4378 villa
891 4311 1027 4398 ejusdem
1044 4309 1175 4376 nominis
1189 4311 1220 4376 in
1233 4303 1387 4376 territorio
1401 4317 1432 4376 et
1444 4309 1569 4394 regione
1582 4305 1837 4409 Ρηςευχιιοὴρὶ),
1863 4303 1942 4373 Glar-

322 4400 385 4477 rel,
407 4397 438 4464 ln
452 4417 575 4483 regione
681 4395 828 4484 apanensi:
847 4393 981 4473 tumeo,
1007 4393 1156 4462 Cbmielert
1177 4395 1350 4473 ctPaccne,
1364 4393 1489 4460 tortasse
1503 4393 1669 4470 Pccruale,
1691 4413 1723 4457 rn
1737 4413 1862 4478 regiona
1871 4389 1942 4458 Plo·

323 4483 421 4551 censi:
443 4479 630 4560 Lcobcrer'rc,
660 4482 808 4569 Wylccum
828 4479 913 4548 villae
933 4479 1070 4546 Patroclo
1090 4487 1122 4544 ct
1146 4476 1306 4566 Oropirm'ce',
1329 4499 1390 4546 non
1404 4486 1567 4548 occurrunt
1588 4478 1618 4544 iu
1633 4476 1680 4544 bis
1695 4475 1882 4563 regionibus,
1902 4477 1941 4542 si·

324 4569 434 4636 militer
448 4577 480 4636 et
492 4567 561 4636 villa
582 4567 747 4644 chmcuo,
764 4574 924 4634 esttamen
939 4566 1020 4634 rimo
1033 4563 1161 4641 dmm,
1175 4563 1319 4652 oppidum
1335 4565 1431 4652 Lipnu
1445 4563 1682 4651 praeterfluens,
1704 4569 1734 4629 ct
1748 4561 1779 4628 in
1793 4561 1942 4630 Vistudom

279 4705 281 4714 .
321 4674 357 4720 se
370 4653 545 4731 mandens,
565 4653 614 4720 bic
636 4654 738 4740 itaquo
752 4651 875 4718 forsitan
889 4651 956 4718 villa
969 4649 1139 4718 Zmnm'ew
1153 4649 1210 4716 sita
1225 4656 1298 4716 crat

424 4739 462 4826 (⁴)
490 4737 607 4808 Omnes
620 4737 678 4804 bae
693 4733 781 4804 villae
802 4738 832 4804 in
848 4743 919 4804 nota
933 4735 1121 4825 praecedenti
1136 4743 1207 4802 sunt
1216 4734 1280 4836 jam
1294 4679 1493 4834 designatae-,l
1504 4739 1623 4821 praeter
1638 4731 1721 4799 villas
1737 4729 1896 4800 Ονουίσὺιο
1910 4741 1941 4799 ct
2100 4721 2105 4730 ’

320 4823 444 4901 unm,
465 4843 543 4914 quae
556 4823 681 4924 lortpssc
694 4832 765 4890 munt
777 4821 933 4924 Krp‘czpm
946 4830 977 4892 at
989 4821 1177 4903 ummo«,
1196 4819 1284 4890 nltae
1297 4821 1428 4908 regionis
1442 4819 1610 4908 Lirinensis
1632 4826 1663 4888 at
1676 4817 1795 4906 Lnoye,
1810 4817 1939 4886 tortasse

319 4906 460 4988 Lucina,
481 4909 695 4997 villarcgronrs
708 4907 870 4977 mommo.
1060 4947 1063 4958 ·

424 5029 513 5080 Tonans
529 5029 562 5080 11.
1754 5021 1790 5078 w
