4876 5940
1169 695 1235 780 -'--
1267 728 1341 802 ena
1389 767 1442 832 y·-

496 951 543 1043 et,
564 931 665 1056 quod
693 963 775 1022 cum
802 932 910 1052 grand
944 930 1072 1020 cordis
1107 932 1374 1050 cruentacione
1401 928 1680 1020 lamentabiliter
1709 927 1888 1038 dicimus,
1921 931 2108 1022 ciuitatem

495 1069 660 1145 nostram
688 1057 960 1170 Wndt‘clcarcnr
983 1056 1185 1164 antepono,
1216 1064 1264 1155 et,
1287 1047 1387 1171 qnod
1407 1047 1632 1136 horrendum
1654 1064 1712 1137 est
1731 1047 1876 1155 dcere,
1908 1049 2108 1140 ecclesiam
2166 1075 2170 1082 ·

376 1185 378 1188 ’
494 1187 658 1263 nostram
680 1169 933 1260 kathedralem
953 1168 1107 1276 ibidem,
1138 1199 1222 1258 eum
1243 1169 1342 1257 omni
1363 1180 1495 1258 ornatu
1517 1198 1605 1271 suo,
1636 1183 1672 1258 et
1702 1165 1845 1256 decore
1868 1185 2040 1276 venusto,
2060 1201 2109 1260 ac

494 1292 677 1381 uniuersis
696 1290 832 1394 rebus,
862 1289 990 1411 quein
1010 1289 1092 1406 ipsa
1113 1299 1233 1394 erant,
1258 1289 1355 1409 ignis
1377 1287 1548 1375 inccndio
1570 1287 1763 1404 tyrannice
1783 1305 2108 1409 consumpserunt,

493 1411 661 1500 homines
681 1439 792 1530 quam
812 1407 1006 1528 plurimos,
1028 1405 1213 1530 quosdam
1235 1407 1332 1612 ipris
1352 1408 1509 1525 impetu,
1530 1404 1623 1496 abas
1645 1408 1681 1496 in
1702 1435 1770 1496 ore
1789 1404 1905 1528 gladii
1927 1405 2107 1498 occiden-

493 1527 562 1639 do;
594 1528 828 1618 attendentes
856 1527 991 1636 eciam,
1023 1523 1127 1649 q'uod
1149 1556 1249 1646 gran
1277 1527 1311 1614 ia
1344 1539 1380 1614 et
1396 1525 1536 1645 grauia
1555 1539 1643 1614 sunt
1663 1525 1753 1630 bec,
1784 1541 1821 1614 et
1840 1555 1916 1614 non
1935 1543 2106 1644 possunt,

493 1649 638 1768 absque
669 1646 793 1734 diuina
814 1647 969 1752 offensa,
990 1643 1273 1735 conniuentibus
1301 1645 1419 1732 oculis
1449 1644 1593 1734 diucius
1618 1659 1654 1732 et
1674 1645 1827 1732 ulterius
1848 1645 2034 1762 preteriri;
2069 1661 2107 1734 et
2232 1738 2238 1748 ,

493 1781 651 1888 paterna
669 1763 912 1854 sollicitudine
931 1767 1142 1884 cupientes,
1174 1779 1212 1850 ut
1232 1761 1387 1880 predicti
1408 1792 1540 1852 omnes
1560 1777 1598 1850 et
1617 1763 1753 1882 singuli
1783 1763 1843 1852 dei
1866 1765 2033 1854 timorem
2055 1761 2106 1852 ad

412 1960 422 1970 .
493 1885 625 1975 oculos
652 1899 850 1989 reuocent,
881 1909 991 2004 quem
1017 1883 1066 1972 ad
1092 1896 1245 2003 tergum
1271 1881 1456 1970 obstinata
1486 1883 1627 1972 seuicia
1656 1884 1912 2001 proieceruntr
1943 1913 2029 1972 cum
2056 1880 2108 1970 ad

494 2033 574 2113 eos,
587 2019 740 2124 propter
754 2002 930 2091 leritatem
951 2004 1115 2120 ipsorum
1129 2031 1205 2120 pro
1226 2000 1432 2090 municione
1450 1999 1641 2106 iacienda,
1663 2029 1733 2090 nec
1753 2002 2000 2120 personaliter
2015 2031 2106 2122 pos·

494 2125 610 2212 simus
628 2118 830 2226 accedere,
849 2151 921 2210 nec
941 2121 1093 2240 ,aliquos
1113 2119 1270 2211 nuncios
1290 2109 1488 2223 destinare,
1508 2149 1576 2224 eo,
1608 2118 1709 2240 quad
1730 2120 1779 2208 ad
1808 2153 1853 2210 se
1873 2121 2106 2226 citeriorem,

494 2242 554 2336 vel
583 2241 843 2338 municionem,
873 2254 937 2328 aut
956 2239 1049 2343 illos,
1071 2242 1132 2359 qui
1162 2267 1229 2326 eas
1259 2239 1443 2342 lacerent,
1474 2237 1660 2327 accedere
1680 2269 1754 2328 non
1775 2241 2007 2358 permittunt,
2040 2269 2105 2358 pu·

494 2360 592 2450 blica
620 2389 748 2448 coram
769 2358 1102 2477 populouuiuerso
1122 2359 1159 2444 in
1180 2357 1328 2444 ciuitate
1346 2387 1413 2444 seu
1435 2357 1550 2476 opido
1570 2357 1770 2463 brestensi,
1801 2357 1862 2445 ubi
1883 2388 1984 2448 nuno
2013 2357 2105 2446 deli-

434 2541 437 2552 ·
495 2481 688 2584 tescimus,
710 2477 757 2564 de
778 2475 960 2566 kathedra
981 2493 1108 2566 nostra
1130 2506 1198 2594 per
1218 2507 1286 2564 eos
1307 2475 1427 2580 eiecti,
1442 2491 1606 2594 paterno
1628 2478 1763 2566 alleato
1785 2476 1991 2566 inducimus
2019 2477 2104 2591 (sic)

494 2613 533 2688 et
549 2597 749 2699 hortemur,
771 2625 818 2684 ac
837 2597 1092 2687 nichilominus
1112 2595 1243 2713 primo,
1263 2593 1432 2684 secundo
1453 2611 1490 2683 et
1509 2596 1625 2686 tercio
1641 2597 1822 2685 canonice
1837 2625 2104 2700 ammonemus

495 2734 534 2806 et
551 2717 659 2806 vobis
679 2715 861 2804 uniuersis
883 2729 919 2802 et
939 2714 1095 2836 singulis
1111 2716 1146 2801 in
1163 2716 1295 2801 uirtute
1310 2729 1441 2800 sancte
1456 2713 1674 2803 obediencie
1690 2731 1728 2804 et
1742 2715 1812 2802 snb
1828 2746 1923 2831 pena
1954 2743 2104 2816 excom

495 2834 772 2939 munioaeionis‚
794 2863 841 2921 ac
861 2834 1083 2953 priuaoionis
1104 2831 1367 2920 beneficiorum
1389 2851 1618 2941 vestrorum,
1640 2831 1804 2922 districte
1825 2833 2045 2953 precipimus
2067 2847 2105 2922 et

118 3010 120 3018 ι
262 3047 266 3058 ,
380 3057 389 3080 ι
495 2954 725 3054 mandamus
745 2967 928 3072 quatenus
955 2951 1108 3040 eosdem
1131 3025 1141 3044 .
1162 3017 1171 3037 .
1192 2951 1274 3064 (sic)
1295 2953 1513 3070 magistrum
1534 2953 1761 3072 generalem,
1784 2969 1820 3041 et
1840 3020 1849 3038 .
1871 3021 1879 3040 .
1902 2955 1983 3065 (sic)
2013 2957 2105 3071 pro'·

496 3073 691 3162 uincial'em
723 3086 822 3160 terre
848 3077 1054 3174 culmensis,
1085 3069 1374 3158 comendatores
1405 3070 1453 3158 de
1482 3078 1663 3173 Nesactio,
1694 3071 1742 3160 de
1764 3079 1932 3174 Tlorun,
1956 3069 2004 3162 de
2028 3075 2104 3160 Go-

363 3231 365 3236 ·
496 3201 574 3294 lab,
597 3191 645 3279 de
668 3185 920 3305 Coprzironr'ca
940 3191 1020 3276 siue
1041 3189 1090 3276 de
1109 3196 1372 3303 Enpelsbercl,
1389 3187 1437 3275 de
1454 3191 1600 3276 Dobrin
1615 3206 1652 3278 et
1667 3189 1715 3280 de
1730 3195 1898 3292 Srceccn,
1915 3189 2104 3310 predicta-

497 3341 579 3400 rum
599 3309 782 3400 scelerum
803 3307 996 3398 inhumane
1016 3309 1219 3426 tyrannidis
1236 3311 1436 3434 precipuos
1456 3325 1649 3416 auctores,
1671 3339 1742 3398 nec
1756 3321 1837 3402 'non
1854 3325 1891 3398 et
1907 3311 2106 3402 uniuersos

497 3459 545 3519 ac
564 3428 734 3549 singulos
743 3428 836 3517 alios
843 3429 975 3518 iratres
986 3426 1072 3515 dicti
1083 3426 1223 3517 ordinis
1231 3427 1266 3514 in
1288 3430 1395 3516 terris
1409 3430 1577 3543 Guyccte,
1589 3429 1807 3542 Prusielsic)
1825 3443 1861 3518 et
1879 3436 2105 3518 Pomoranie

499 3559 794 3653 commorantes,
825 3577 872 3636 ac
900 3547 994 3636 alios
1015 3575 1142 3634 eorum
1179 3543 1355 3634 satellites
1376 3561 1412 3634 et
1431 3549 1637 3652 ministros,
1667 3548 1729 3668 qui
1748 3548 1914 3666 prediola
1940 3549 2105 3656 crimina,

476 3667 662 3786 'ipsorum
684 3667 847 3764 nomine,
867 3667 1085 3754 auctoritate
1105 3679 1142 3750 et
1162 3664 1338 3754 mandato
1360 3695 1434 3754 non
1455 3682 1540 3755 sunt
1560 3667 1664 3754 veriti
1684 3683 1920 3784 perpetrare,
1933 3681 1971 3756 et
1986 3697 2105 3788 quos·

498 3785 585 3874 libet
603 3784 716 3888 alios,
748 3785 809 3904 qui
829 3784 878 3872 ad
899 3783 972 3872 boc
992 3783 1203 3888 consilium,
1234 3783 1407 3872 auxilium
1428 3799 1465 3874 et
1483 3787 1649 3874 fauorem
1679 3784 1942 3903 inpenderunt,
1974 3816 2105 3875 comu-

498 3905 667 3995 nicantes
695 3903 730 3992 in
765 3905 904 3994 crimen
925 3904 1143 4008 criminosis,
1180 3904 1215 3990 in
1247 3901 1417 4019 ecclesijs
1458 3904 1613 4004 vestris,
1649 3905 1739 4022 ipsis
1772 3905 1921 4008 vicinis,
1955 3905 2106 4024 publice

498 4053 629 4114 eoram
649 4021 808 4142 populo,
834 4023 867 4112 si
886 4022 1019 4142 aliquis
1039 4037 1098 4110 est
1117 4021 1307 4128 residuus,
1339 4019 1470 4110 diebus
1490 4020 1684 4112 dominicis
1710 4037 1747 4112 et
1765 4023 1906 4112 lestiuis
1926 4021 2108 4114 inducere

499 4157 538 4264 et
564 4142 706 4232 hortari
725 4143 884 4248 curetis;
916 4143 1019 4258 ipsos
1040 4143 1176 4259 primo,
1206 4139 1374 4230 secundo
1404 4155 1442 4228 et
1461 4143 1577 4230 tercio
1594 4139 1793 4230 salubriter
1812 4158 2106 4247 commonentes

499 4261 600 4381 quod
621 4261 727 4348 nobis
749 4276 785 4348 et
804 4261 965 4349 ecclesie
984 4275 1112 4347 nostre
1132 4259 1317 4378 predicte,
1338 4288 1384 4347 ao
1404 4259 1486 4378 elijs
1500 4259 1671 4378 ecclesiis
1688 4274 1724 4348 et
1739 4261 1947 4351 rectoribus
1963 4291 2106 4370 earum,

498 4407 547 4470 ac
566 4378 711 4469 clericis
730 4381 912 4468 uniuersis
933 4376 982 4467 de
1016 4379 1207 4496 premissis
1230 4380 1367 4498 iniurijs
1396 4409 1515 4498 usque
1540 4376 1592 4466 'ed
1614 4380 1741 4499 quinto
1770 4379 1852 4492 (sic)
1877 4379 1975 4498 ydus
1997 4411 2104 4471 men·

500 4499 553 4586 sis
579 4497 675 4616 lunij
706 4499 873 4617 proxime
901 4513 1057 4586 venturo
1078 4500 1305 4594 satisfacere
1335 4514 1551 4615 procurent,
1583 4511 1619 4586 et
1646 4497 1808 4616 dampna
1835 4501 1958 4588 omnia
1980 4499 2104 4610 nobis,

501 4617 662 4706 ecclesie
682 4631 829 4722 nostre,
850 4630 887 4705 et
906 4615 987 4734 aliy's
1008 4617 1177 4736 ecclesijs
1198 4631 1236 4703 et
1254 4615 1461 4705 rectoribus
1490 4647 1616 4704 earum
1641 4647 1709 4735 par
1729 4647 1807 4724 eos,
1829 4631 1866 4705 et
1884 4621 2107 4708 auctoritate

295 4729 301 4736 ’
357 4811 362 4818 .
483 4732 743 4826 demandato
763 4763 891 4836 eorum
911 4733 1028 4842 illata,
1059 4734 1219 4824 debeant
1240 4737 1435 4826 resarcire.
1471 4735 1662 4855 Alioquin,
1694 4765 1777 4824 cunr
1798 4737 1886 4856 ipsi,
1916 4767 1984 4826 seu
2007 4737 2105 4828 ordo

501 4883 650 4960 eurum,
669 4854 704 4942 in
726 4851 880 4972 dyocesi
901 4867 1039 4954 nostra,
1060 4869 1159 4942 terra
1179 4853 1349 4947 videlicet
1371 4859 1536 4970 Cuynure
1548 4871 1585 4944 et
1604 4861 1826 4945 Pomoram'e
1845 4856 2012 4948 obtinere
2033 4857 2104 4947 do-
