4878 5942
1057 768 1331 844 -arn-
1431 881 1432 885 w

248 973 253 982 ’
383 973 500 1060 robur
520 971 687 1059 obtineat
707 971 910 1076 firmitatis,
942 983 1140 1087 presentes
1162 970 1288 1059 literas
1310 971 1379 1056 sibi
1400 967 1513 1056 scribi
1534 969 1708 1072 fecimus,
1737 975 1934 1090 nostrique
1960 975 2010 1060 si-

386 1089 463 1207 gitti
491 1091 691 1176 munimine
719 1087 921 1177 roboratas
951 1089 1046 1197 (sic).
1102 1085 1239 1175 Actum
1267 1103 1304 1174 et
1325 1085 1450 1173 daturo
1472 1088 1508 1173 in
1539 1093 1758 1200 Woyborzs,
1788 1090 1823 1176 in
1845 1091 2010 1180 crastino

384 1207 484 1295 beati
506 1205 541 1294 E
573 1207 622 1294 idi
656 1207 739 1319 (sio)
768 1207 1019 1311 confessoris,
1051 1233 1151 1292 anno
1173 1205 1311 1291 domini
1331 1203 1525 1292 millesimo
1549 1203 1695 1291 CCC¹⁰⁰
1715 1209 2009 1325 septuagesimo.

376 1236 623 1412 Presentibus
651 1323 931 1412 honorabilibus
959 1338 997 1410 et
1026 1319 1200 1410 discretis
1220 1323 1328 1427 viris,
1366 1319 1544 1410 dominis:
1572 1321 1787 1412 Theodrico
1815 1326 2009 1442 preposito

376 1440 691 1544 wladislauiensi,
736 1440 886 1529 Jacobo
922 1455 1078 1528 cantore
1114 1441 1360 1528 orusuiciensi
1396 1453 1434 1526 et
1480 1440 1664 1530 canonico
1697 1441 2007 1545 wladislauiensi,

376 1559 560 1677 Sanguen
583 1575 621 1647 et
642 1557 803 1648 Nicolan
826 1559 1020 1648 canonicis
1041 1557 1379 1664 omsuiciensibus,
1410 1588 1496 1646 cum
1517 1559 1653 1646 ceteris
1674 1557 1750 1646 fide
1772 1557 1907 1679 dignis,

718 2118 721 2126 ¹
948 2055 951 2062 ,
1075 1945 1308 2094 ouuxrn.

374 2199 446 2294 ln
473 2208 688 2314 oppido
714 2211 1050 2316 madoreque
1076 2231 1128 2296 u.
1156 2207 1302 2297 1310
1328 2209 1423 2295 dtu
1447 2207 1518 2292 15
1543 2233 1613 2295 m.
1644 2209 1996 2314 septembrio.

374 2409 603 2484 loannes
625 2411 876 2486 Suooemorrrtus
897 2408 1158 2484 santoninnrtr
1179 2412 1356 2484 socruum
1377 2428 1397 2484 r
1419 2410 1600 2486 omnnem
1620 2408 1825 2486 nasturtio
1838 2411 2005 2488 nortem

580 2528 715 2602 posnan
723 2512 909 2604 ,perpetrati
921 2511 953 2584 in
964 2511 1112 2586 suburbio
1123 2511 1329 2586 ttottortuut
1337 2511 1500 2586 -torrtoitii
1514 2515 1653 2586 sulutem
1666 2529 1741 2585 mro
1754 2513 1804 2598 (¹).

438 2681 444 2690 ⁶
475 2697 559 2790 Nos
580 2699 777 2789 Johannes
799 2701 1103 2791 subcamerarius
1132 2700 1453 2806 sandomiriensis,
1475 2728 1523 2786 ac
1543 2701 1729 2820 magister
1748 2703 1852 2788 curie
1870 2703 2005 2820 regine

242 2923 248 2932 ι
371 2817 553 2924 Potonie‚
585 2832 712 2905 notum
733 2819 890 2905 iacimus
912 2818 1047 2936 quibus
1068 2817 1220 2954 expedit
1239 2817 1442 2906 uniuersis:
1474 2815 1577 2937 quod
1598 2831 1775 2907 strenuus
1800 2819 1859 2906 vir
1884 2817 2006 2907 domi·

374 2966 446 3022 nus
477 2935 654 3024 Grzimco
684 2935 943 3024 thezaurarius
970 2935 1201 3042 brestensrs,
1233 2966 1281 3022 ao
1310 2949 1411 3026 tutor
1437 2935 1624 3023 bonorum
1659 2935 1858 3025 reuerendi
1887 2937 2006 3054 patris

370 3053 510 3140 domini
533 3055 703 3172 episcopi
736 3053 908 3170 Cuyauie
939 3055 1040 3142 circa
1079 3061 1260 3168 Wuyborr
1281 3055 1517 3157 situatorum,
1548 3055 1703 3142 veniens
1743 3053 1793 3142 ad
1834 3071 2005 3142 nostram

398 3173 631 3274 rasennam,
663 3202 710 3259 ox
743 3187 850 3286 parte
879 3171 966 3258 dicti
994 3170 1131 3258 donini
1162 3173 1352 3290 episcopi,
1392 3173 1632 3259 serenissime
1661 3173 1818 3290 principi
1853 3171 2005 3259 domine

371 3202 538 3408 bleduigi
558 3289 710 3406 Regino
726 3289 887 3377 Poionie
909 3301 947 3373 et
967 3289 1087 3393 nobis,
1108 3318 1179 3406 pro
1191 3289 1402 3376 bornioidio
1423 3289 1586 3378 mulieris
1607 3289 1643 3376 in
1673 3290 1853 3376 suburbio
1886 3287 2004 3406 Woy·
2079 3275 2100 3356 l

372 3407 551 3507 buriensi,
579 3407 774 3526 wigariter
793 3415 945 3496 Rutrow
966 3405 1079 3512 dioto,
1101 3408 1302 3510 interfecte,
1324 3421 1364 3492 ut
1385 3406 1523 3511 debuit,
1539 3405 1795 3494 condecenter
1808 3407 2002 3515 ‚satisfecit
2134 3489 2139 3506 ,
2169 3453 2173 3464 ·

372 3521 461 3638 Qua
491 3525 755 3612 satisfaccione
786 3524 930 3631 babitu,
956 3527 1151 3642 'prefatum
1182 3523 1371 3611 dominum
1403 3526 1646 3644 episcopum,
1678 3553 1725 3611 ao
1753 3526 1857 3613 ciues
1880 3525 1915 3611 in
1937 3555 2003 3612 co·

369 3641 458 3728 dem
495 3642 674 3730 suburbio
712 3657 1013 3748 commorantes,
1059 3643 1282 3730 auctoritate
1315 3643 1627 3762 illustris-regine
1654 3641 1830 3750 Poionie,
1861 3673 2002 3760 apene
2062 3631 2077 3722 i
2160 3639 2166 3646 ’

395 3757 539 3846 redicta
560 3759 759 3847 homicidio
771 3759 1096 3872 (sic)absoluimus
1112 3773 1150 3846 et
1166 3761 1361 3878 quitamus.
1383 3759 1426 3847 ln
1441 3761 1548 3848 cuius
1564 3761 1618 3848 rei
1634 3759 1876 3864 euidenciam,
1898 3759 2002 3962 sipii-

368 3790 442 3966 bn
465 3891 633 3964 nostrum
656 3893 712 3964 est
735 3909 956 3996 appensum.
986 3879 1122 3965 Datum
1145 3879 1180 3964 in
1200 3885 1413 3966 Rodosziez
1434 3875 1515 3990 (2),
1536 3879 1628 3966 feria
1649 3877 1831 3985 secunda,
1853 3875 1914 3963 die
1960 3905 2002 3962 e·

369 3996 420 4080 ati
442 3993 681 4102 Nicomedis,
711 4025 812 4084 anno
835 3995 974 4084 domini
994 3995 1052 4084 Μο
1075 3995 1225 4082 C⁰C⁰C⁰
1246 3997 1541 4115 septuagesimo.
2038 4001 2047 4014 “

472 4311 515 4394 (¹)
557 4310 605 4376 Ex
620 4308 781 4396 archetypo
795 4311 1027 4378 membranaceo
1041 4310 1179 4377 tubulurii
1194 4309 1314 4397 capituli
1330 4309 1598 4378 Wludisiuuiensis.
1620 4308 1716 4394 Sigitli
1730 4309 1849 4396 abrupti
1863 4329 1989 4396 superes

369 4399 488 4460 tantum
503 4393 635 4460 toeniota
650 4413 840 4478 pergamena.

471 4476 513 4562 (²)
555 4477 733 4565 Rodorzycc
747 4478 891 4584 oppidum
905 4477 937 4544 in
951 4477 1102 4566 provincio
1118 4477 1375 4558 santumnium,
1397 4476 1549 4544 territorio
1562 4475 1753 4565 Opocrneusi
1767 4477 1868 4544 situm.
