4926 5940
1057 703 1332 816 ...339ss

1078 1037 1315 1158 utttttt

533 1243 892 1342 -Pomuntue,
918 1261 1074 1328 anno
1098 1241 1244 1332 1418
1269 1241 1365 1330 dte
1389 1237 1429 1328 8
1453 1241 1656 1333 menete
1679 1242 1843 1332 utute.

382 1411 692 1492 wladislaum
712 1410 947 1486 lutulentae
967 1415 1222 1487 remuneraturos
1247 1411 1380 1486 remiba
1397 1411 1570 1488 tttcototte
1589 1411 1785 1506 coaetaneo,
1805 1413 1905 1490 eldam
1919 1417 2006 1512 qutu-

799 1514 1223 1607 monumnenta
1241 1513 1608 1604 catalaunense).

487 1687 733 1794 Wladislaua,
754 1688 815 1776 dei
835 1688 969 1810 gracia
989 1687 1076 1778 Rex
1097 1689 1270 1797 Polonic‚
1300 1686 1599 1808 Lytbwanieque
1615 1691 1793 1810 princeps
1813 1722 1857 1780 su
1886 1723 2012 1784 remus

384 1821 422 1898 et
440 1807 554 1914 heres
574 1807 730 1896 Russi'e
748 1821 822 1904 etc.
872 1808 1140 1931 Significamus
1163 1821 1297 1896 tenore
1327 1807 1565 1928 presencium
1596 1807 1731 1928 qulbus
1751 1723 1903 1932 expedit
1932 1814 2013 1900 vui·

381 1928 506 2016 uersis
529 1955 665 2046 presan
683 1925 692 1942 ⁰
719 1957 765 2014 us
785 1939 824 2014 et
841 1926 985 2034 luturis,
996 1928 1232 2045 presencium
1253 1928 1428 2014 noticiam
1444 1925 1643 2014 habituris:
1663 1925 1872 2042 Quomodo
1892 1941 2014 2019 atten·
2052 2023 2055 2028 ,
2086 2007 2093 2020 ,

382 2059 421 2132 tc
440 2045 576 2131 mentis
603 2044 732 2132 intuitu
761 2043 1040 2164 perpendentes
1069 2059 1181 2166 grate
1202 2059 1239 2133 et
1258 2045 1412 2133 multum
1442 2057 1600 2250 accepte
1627 2044 1814 2135 fidelitatis
1844 2047 2015 2138 studiosa

383 2162 583 2274 obsequia,
606 2162 740 2282 quibus
761 2163 894 2252 nobilis
915 2161 1096 2253 Nicolaus
1117 2164 1166 2253 de
1188 2169 1428 2276 Coczmjiro,
1447 2163 1534 2251 lami
1550 2165 1638 2252 iaris
1667 2177 1797 2253 noster
1816 2165 1939 2256 fidelis
1959 2165 2015 2254 di·

383 2281 503 2369 lectus
524 2277 595 2394 (²),
625 2280 736 2368 nobis
756 2281 1002 2399 multipliciter
1029 2284 1183 2401 placere
1202 2286 1352 2387 meruit,
1384 2284 1477 2371 etin
1498 2283 1669 2396 loturum,
1695 2279 1807 2372 aucto
1828 2281 2017 2373 fidelitatis

383 2398 519 2504 studio,
542 2400 779 2517 prestancius
800 2400 937 2516 poterit
957 2401 1217 2516 complacere,
1237 2399 1369 2486 borum
1390 2401 1519 2486 intuitu
1539 2401 1709 2488 volentes
1729 2402 1849 2519 ipsum
1870 2404 2014 2522 speciu-

384 2517 430 2604 lis
451 2517 583 2637 grecie
603 2517 782 2634 prosequi
802 2516 1006 2619 fauoribus
1022 2529 1060 2604 et
1074 2516 1124 2604 ad
1135 2517 1318 2636 obsequia
1339 2529 1467 2604 nostra
1482 2515 1647 2607 reddere
1667 2519 1845 2606 continuo
1892 2551 2016 2638 romp-

383 2638 536 2740 oiorem,
557 2633 627 2722 sibi
647 2635 683 2721 in
704 2649 741 2723 ct
762 2664 878 2840 sqper
902 2635 989 2722 villa
1010 2649 1140 2722 nostra
1164 2639 1362 2750 Czolpriro,
1383 2635 1419 2722 in
1435 2649 1536 2722 terra
1552 2635 1769 2752 cuyauiensi
1790 2549 1890 2724 eud

1874 2639 2015 2725 istrictu

384 2753 647 2842 radzeouiensi
668 2753 755 2861 sita,
815 2783 836 2840 e
858 2754 1129 2873 quinquaginta
1151 2757 1289 2841 marcis
1317 2753 1461 2840 numeri
1481 2764 1520 2840 et
1539 2752 1719 2868 ponderis
1740 2753 2015 2872 polonicalium,

435 2870 634 2991 adraginta
655 2885 743 2958 octo
764 2899 928 2992 grossos
948 2873 984 2958 in
1005 2901 1170 2960 marcam
1186 2872 1387 2989 quamlibet
1402 2869 1669 2988 computando,
1688 2873 1867 2991 gracime
1888 2876 2014 2991 proui—
2048 2918 2053 2926 ·

383 2899 526 3095 dimus,
558 2989 767 3102 damusque
788 3005 825 3077 ct
854 2989 1089 3078 ‘recidemus
1119 2992 1357 3107 presencium
1384 3019 1454 3108 per
1473 3004 1660 3094 tenorem,
1690 3019 1760 3107 per
1777 2991 1901 3110 ipsum
1929 3021 2014 3080 cum

385 3108 558 3196 omnibus
578 3108 809 3216 utilitatibus,
839 3021 1039 3215 luctibus,
1070 3107 1331 3227 prouentibus,
1363 3106 1557 3209 censibus,
1578 3107 1804 3215 redditibus,
1830 3111 2014 3198 coheren-

384 3227 471 3345 cijs,
501 3226 741 3344 pertinencijs
763 3241 800 3314 et
820 3226 1018 3346 appendijs
1038 3229 1243 3331 uniuersis,
1263 3225 1313 3314 ud
1335 3225 1494 3314 eandem
1520 3224 1642 3314 villam
1664 3226 1946 3348 quomodolibet
1965 3229 2015 3316 ab
2166 3302 2168 3306 .
2192 3337 2194 3345 λ

384 3345 539 3463 antiquo
559 3343 839 3463 spectantibus,
869 3344 1101 3450 babendum,
1131 3343 1352 3450 tenendum,
1382 3343 1646 3451 utilmendom,
1676 3358 1714 3432 et
1760 3347 1893 3436 acilice
1921 3376 2013 3466 pos·

385 3461 600 3570 sidendum,
641 3491 840 3583 quousque
868 3462 938 3551 sibi
965 3463 1025 3550 vel
1046 3463 1125 3552 suis
1154 3461 1444 3551 successoribus
1473 3489 1545 3580 per
1578 3493 1650 3551 nos
1677 3379 2015 3554 uelsuccessores

384 3595 537 3669 nostros
566 3579 666 3668 dicte
687 3583 956 3702 quinquaginta
977 3611 1105 3670 marce
1126 3581 1297 3670 exsoluto
1316 3581 1452 3670 luerint
1472 3581 1619 3702 integre
1638 3595 1675 3668 ct
1696 3582 1745 3671 de
1766 3581 1890 3702 pleno.
1917 3581 2014 3698 Qui-

384 3699 457 3787 bus
483 3700 665 3790 exsolutis
685 3701 830 3817 prelatc
850 3699 935 3788 ville
954 3701 1154 3818 possessio
1175 3697 1225 3787 ad
1245 3728 1317 3788 nos
1346 3699 1408 3787 vel
1428 3727 1677 3816 successores
1706 3715 1860 3796 nostros
1890 3701 2015 3788 redire

385 3813 537 3906 debebit
555 3818 669 3936 pleno
688 3820 792 3936 jure:
825 3817 986 3938 demptis
1016 3817 1208 3912 dumtaxat
1228 3817 1459 3907 stacionibus
1479 3817 1617 3924 solitis,
1640 3851 1737 3939 quas
1756 3850 1827 3940 pro
1848 3819 1956 3906 nobis
1977 3832 2016 3905 et

385 3936 677 4027 successoribus
698 3939 838 4027 uostris
859 3935 1022 4027 totaliter
1036 3967 1289 4026 reseruemus.
1321 3935 1485 4038 Harum,
1506 3937 1642 4055 quibus
1663 3939 1824 4058 sip'llum
1845 3950 2013 4024 nostrum

384 4081 594 4172 appensum
615 4067 685 4160 est,
706 4058 916 4144 testimonio
935 4055 1136 4142 literarum.
1167 4054 1305 4142 Datum
1326 4060 1536 4157 Pozaum'c,
1557 4053 1648 4140 lenia
1670 4067 1778 4144 sexta
1798 4054 1891 4140 inlra
1908 4067 2013 4144 octa·
2073 4101 2078 4108 ·

384 4199 457 4260 uas
475 4171 706 4260 visitacionis
725 4172 838 4258 beate
857 4173 1014 4290 virginis
1034 4171 1176 4272 Maria,
1197 4201 1299 4262 anno
1315 4170 1453 4258 domini
1469 4169 1662 4260 millesimo
1688 4171 2013 4295 quadringentesi-

385 4317 448 4380 mo
468 4287 617 4378 decimo
638 4303 788 4377 octauo.
1877 4311 1882 4319 ·

486 4407 649 4497 Relacio
668 4403 893 4496 venerabilis
913 4405 1073 4528 Sbignei
1093 4405 1143 4495 de
1163 4403 1439 4524 Oleschnijcza,
1461 4405 1653 4496 scolastici
1673 4420 1711 4495 et
1731 4407 1903 4496 canonici
1923 4437 2012 4497 san-

385 4523 634 4616 domirieosis.
1223 4641 1226 4646 ¹
2067 4633 2069 4642 ,

487 4705 531 4792 (¹)
558 4708 605 4776 Ex
625 4706 785 4796 anuum
804 4708 1037 4778 membronmoo
1054 4707 1195 4776 tabularii
1214 4729 1248 4776 ca
1271 4708 1279 4726 '
1327 4709 1335 4726 ’
1359 4707 1629 4778 Wletllrlauieoeiu
1664 4708 1811 4777 Taeniolu
1870 4729 2013 4797 rgumenu

385 4793 700 4946 mmuffifflm
710 4793 811 4946 qdcrpq,
832 4793 915 4882 quod
929 4794 1068 4946 ipfflqprmc
1081 4795 1117 4861 T.
1132 4793 1188 4862 Dc·
1293 4794 1313 4861 ii
1332 4793 1444 4876 „bbidr
1465 4795 1558 4863 Pron
1571 4802 1626 4864 cto
1640 4793 1797 4866 Pomarll
1848 4794 1884 4863 t’·
1904 4796 1936 4862 in
1950 4795 2013 4862 imo

488 4898 529 5046 (θ’)
556 4886 699 5031 sirm
712 4899 958 5032 &camilli
971 4925 1114 5032 territorii
1129 4970 1160 5032 et
1172 4965 1304 5050 regionis
1318 4963 1493 5032 Mluvausis.
1640 4933 1643 4942 ¹
