4876 5940
364 952 499 1044 diuina·
518 971 555 1042 et
577 953 787 1072 apostoliae
806 951 915 1046 sedis
929 952 1173 1073 prouideneia
1193 951 1506 1044 wladislaoiensis
1527 951 1742 1072 episcopos,
1770 953 1972 1071 cupientes,
2051 951 2057 968 '

365 1089 406 1162 ut
424 1074 479 1162 rei
499 1089 609 1194 geste
629 1073 724 1162 inter
743 1101 815 1162 nos
834 1104 883 1164 ex
903 1101 978 1160 una
997 1089 1115 1191 parte,
1137 1088 1177 1162 et
1195 1072 1396 1162 discretm
1415 1073 1533 1160 vium
1553 1073 1753 1176 lacubum,
1775 1071 1972 1161 scultetum

261 1273 265 1282 ,
364 1207 532 1281 nosuum
553 1191 601 1284 de
621 1197 786 1280 &almo
805 1187 876 1302 (2),
897 1191 982 1280 villo
1001 1205 1132 1280 nostre
1152 1191 1325 1296 ecclesie,
1348 1223 1396 1279 ex
1414 1191 1549 1308 altera,
1579 1189 1679 1306 apud
1700 1205 1876 1309 posteros
1896 1222 1972 1279 me·

364 1317 480 1398 morin
502 1313 648 1430 plenior
669 1309 871 1416 habeatur,
892 1325 1018 1399 notum
1041 1311 1197 1398 brimus
1219 1312 1403 1400 uniuersis
1423 1323 1619 1429 presentes
1639 1309 1764 1402 literne
1784 1311 1973 1429 inspectu·

362 1431 432 1548 ris:
451 1429 571 1542 Quod
592 1429 825 1520 intendentes
851 1428 1102 1518 melioracinni
1121 1429 1305 1518 bonorum
1327 1429 1488 1518 ecclesie
1507 1443 1635 1518 nostre
1656 1427 1842 1546 predicte,
1868 1445 1908 1517 ut
1927 1461 1973 1516 ex
2094 1434 2097 1445 ’

363 1549 430 1652 eis,
449 1564 604 1637 auctore
623 1547 787 1650 domno,
799 1549 941 1636 fructm
954 1549 1104 1638 uberior
1122 1549 1247 1636 ualeat
1267 1547 1734 1666 prouenire3devoluntate
1754 1562 1791 1635 et
1812 1577 1972 1636 consen·

362 1697 407 1756 su
427 1667 578 1786 capituli
597 1669 715 1785 nostri
736 1666 1069 1778 wladislouiensis,
1096 1665 1267 1786 predicto
1287 1667 1435 1756 Jacobo
1455 1669 1635 1787 prolatam
1663 1666 1786 1756 villam
1807 1681 1972 1755 nostram

361 1791 547 1892 Smetriro,
567 1788 809 1906 exposuimus
828 1785 1027 1874 locandam
1048 1787 1127 1874 iure
1146 1785 1587 1906 Meydbnrgenei,prout
1607 1787 1643 1874 in
1663 1800 1762 1874 terra
1784 1785 1973 1876 Culmensi
2048 1747 2063 1875 l

361 1918 524 2010 tenetur,
552 1904 602 1990 ad
633 1935 774 2022 paruos
799 1935 955 1994 mansos
985 1905 1221 2025 [lemingicos
1242 1905 1313 1992 sub
1342 1937 1399 2007 ea,
1420 1935 1492 2025 que
1512 1907 1690 2026 sequitur,
1721 1904 1972 1994 ordinacione:

360 2023 489 2112 Primo
509 2023 695 2143 siquidem
721 2022 841 2128 eidem
862 2025 1023 2114 sculteto
1042 2039 1175 2114 nusoo
1193 2039 1243 2112 et
1271 2027 1351 2112 suis
1378 2027 1555 2144 posteris,
1585 2026 1737 2112 racione
1757 2023 1972 2126 locucionis,

361 2139 495 2230 damus
513 2141 887 2230 decimummaosum
907 2173 931 2230 a
951 2174 1068 2232 censo
1090 2159 1127 2232 et
1142 2142 1286 2230 decima
1308 2143 1474 2248 liberum,
1495 2157 1533 2231 et
1551 2143 1786 2230 medietatem
1808 2143 1973 2256 taberne,

360 2262 440 2350 iore
460 2261 683 2350 hereditoria
704 2281 886 2380 perpetuo
906 2261 1187 2380 possidendum,
1210 2261 1329 2349 eidem
1346 2263 1524 2352 scoltecie
1539 2261 1786 2350 molendinum
1804 2275 1972 2350 nostrum

360 2379 495 2468 ibidem
514 2380 776 2500 adiungeotes,
797 2381 846 2498 de
867 2411 942 2498 qno
962 2379 1179 2468 molendino
1202 2380 1405 2498 prelibatus
1419 2399 1549 2470 noster
1568 2379 1748 2469 scultetus
1768 2395 1806 2466 et
1825 2383 1883 2469 sui
1903 2409 1972 2499 po-

360 2501 460 2602 steri,
481 2499 591 2587 nobis
609 2513 649 2586 et
668 2501 806 2588 nostris
828 2498 1127 2604 successoribus,
1149 2499 1306 2617 singulis
1326 2501 1433 2586 annis
1453 2501 1488 2587 in
1510 2498 1568 2602 die
1588 2497 1862 2616 purificaciunis
1883 2529 1972 2588 sen·-
2102 2586 2105 2594 .

248 2667 254 2676 ·
360 2632 421 2706 ote
440 2615 563 2706 lllarie
580 2619 737 2736 virginis
757 2617 935 2736 gloriose,
957 2617 1111 2704 racione
1131 2647 1280 2722 census,
1301 2617 1456 2704 alteram
1483 2617 1672 2704 dimidiam
1707 2647 1870 2704 maroam
1898 2618 1972 2706 sol·

359 2765 461 2838 uere,
482 2752 522 2824 et
541 2767 714 2826 annonas
729 2751 881 2824 nosnos
903 2767 973 2852 pro
990 2735 1101 2825 nobis
1123 2753 1161 2822 et
1178 2737 1284 2822 ouria
1305 2749 1436 2822 nostra
1456 2734 1590 2846 ibidem
1611 2735 1768 2838 molere,
1798 2765 1972 2822 mensore

360 2853 409 2944 de
428 2853 569 2944 eisdem
590 2886 667 2944 non
687 2870 853 2968 recepta,
874 2855 1104 2942 tenebuntur.
1135 2853 1264 2942 lncole
1291 2884 1385 2942 vero
1413 2853 1514 2942 dicte
1542 2867 1671 2941 nostre
1691 2854 1775 2943 ¹cille
1794 2858 1971 2962 Smetrirn,
2073 2873 2081 2886 ·

360 2974 488 3062 ewlsis
516 2974 680 3094 quinque
708 2975 817 3062 annis
844 2973 1040 3078 libertatis,
1071 2971 1203 3064 adelo
1232 2975 1468 3092 presencium
1499 2973 1779 3092 computandis,
1807 2973 1972 3062 similiter

359 3093 518 3212 singulis
538 3095 710 3182 annisin
731 3093 792 3182 die
812 3089 979 3210 predicte
1009 3091 1284 3210 purilioacionis
1313 3107 1443 3182 sancte
1472 3089 1612 3199 Maria,
1641 3092 1759 3182 nobis
1779 3107 1815 3179 et
1833 3093 1971 3180 nosris
2121 3192 2124 3200 ,

359 3213 659 3319 successoribus,
680 3213 833 3300 melone
853 3241 1003 3312 census,
1023 3227 1111 3302 octo
1132 3225 1264 3300 scotos
1284 3229 1434 3300 monete
1462 3209 1623 3317 usualis,
1654 3225 1692 3298 et
1711 3210 1808 3298 dous
1837 3209 1970 3330 pullos,

359 3346 407 3436 et,
426 3332 580 3420 racione
601 3331 757 3436 decime,
779 3347 939 3452 quatuor
959 3331 1127 3450 siliginis,
1138 3346 1299 3448 quatuor
1309 3329 1415 3418 ordei
1435 3345 1473 3420 et
1489 3345 1650 3450 quatuor
1665 3359 1863 3418 mensuras
1883 3359 1970 3416 aue·
2094 3374 2102 3386 ,

360 3481 419 3556 ne,
441 3449 489 3538 de
510 3450 675 3570 quolibet
696 3480 828 3538 manso
849 3449 1015 3554 solubili,
1036 3450 1236 3586 assignare
1256 3449 1488 3538 tenebuntur.
1521 3449 1645 3566 Quem
1666 3479 1819 3538 censum
1841 3463 1875 3537 et
1895 3449 1970 3536 lru·

359 3573 481 3656 menta
503 3569 684 3658 scoltetns
697 3571 778 3688 ipse
794 3581 832 3656 et
846 3571 902 3656 sui
920 3569 1060 3686 posteri
1077 3583 1228 3688 exigent
1243 3583 1280 3656 et
1295 3567 1482 3689 colligent,
1499 3585 1533 3656 el
1550 3568 1659 3657 nobis
1674 3597 1722 3656 ac
1737 3569 1985 3656 successori-¹
2031 3604 2037 3612 ·

357 3687 429 3776 bus
450 3691 599 3791 nostris,
615 3688 674 3776 vel
696 3703 801 3777 certo
823 3704 954 3776 nostro
975 3688 1124 3794 nuncio,
1138 3719 1247 3807 quem
1263 3687 1312 3776 cd
1335 3687 1410 3776 hoc
1431 3690 1624 3794 mittemus,
1641 3688 1869 3810 integraliter
1888 3719 1970 3805 pre

358 3806 567 3895 sentabunt.
583 3806 764 3896 Preterea
777 3805 956 3896 scoltetus
972 3820 1101 3897 noster
1110 3805 1302 3925 prediatus
1313 3819 1350 3894 et
1364 3797 1422 3894 sui
1433 3808 1583 3924 posteri,
1592 3837 1723 3896 omnes
1738 3829 1876 3894 causas
1886 3835 1969 3922 par-

357 3955 427 4014 uas
448 3941 483 4014 et
505 3955 685 4046 magnas,
721 3927 848 4016 ciuiles
869 3943 906 4016 et
926 3923 1155 4034 criminales,
1175 3927 1268 4014 inira
1290 3928 1467 4028 terminos
1488 3926 1585 4013 dicte
1604 3926 1821 4016 hereditatis
1842 3939 1970 4010 nostre

357 4047 630 4164 contingentes,
646 4062 824 4164 presente
839 4059 969 4134 nostro
985 4047 1121 4133 nuncio
1137 4044 1373 4164 generalivel
1390 4045 1542 4160 speciali
1557 4043 1743 4131 indicabit.
1761 4041 1969 4130 Deiudica-
2089 4071 2091 4078 ·

356 4167 404 4254 tis
417 4193 491 4254 nos
511 4175 547 4250 et
570 4166 945 4254 uostrisucoessores
959 4164 1059 4252 duos
1079 4162 1266 4269 denarios,
1282 4179 1320 4252 et
1334 4163 1515 4254 scultetus
1530 4193 1614 4252 oum
1631 4161 1882 4278 suisposten's
1899 4175 1968 4250 ter-

246 4283 248 4290 ’
357 4283 453 4370 cium
473 4282 707 4400 recipiemus.
739 4283 944 4370 Statuimus
962 4283 1102 4387 eciam,
1124 4281 1227 4401 qnod
1248 4279 1428 4370 scultetos
1447 4281 1529 4399 ipse-
1549 4295 1586 4369 et
1606 4281 1663 4368 sui
1683 4281 1842 4398 posteri,
1863 4279 1967 4367 villa·
1995 4367 1999 4376 ,

271 4489 277 4499 ,
356 4402 392 4491 ni
415 4431 563 4522 quoqne
591 4431 659 4488 seo
680 4399 800 4488 incole
832 4402 867 4486 in
888 4402 970 4520 ipsa
991 4401 1097 4503 ville,
1125 4430 1173 4486 ex
1195 4399 1347 4520 speciali
1368 4415 1502 4516 pacto,
1536 4399 1781 4520 personaliter
1806 4397 1968 4489 debeant
2046 4469 2051 4486 .

354 4517 533 4610 residere.
562 4518 679 4638 Quod
699 4520 732 4608 si
752 4513 932 4642 quispiam
954 4519 1118 4637 ipsorum
1139 4518 1212 4607 boc
1232 4534 1530 4635 contempneret,
1560 4531 1598 4607 et
1616 4519 1652 4608 in
1679 4519 1759 4638 ipsa
1786 4517 1871 4606 villa
1891 4547 1967 4606 non

284 4887 288 4894 -
455 4823 497 4924 (ξ)
536 4823 635 4929 llodie
650 4823 771 4892 forsitan
786 4821 906 4905 Smnlr,
926 4822 1077 4909 (Smolnrr
1091 4821 1213 4908 Weide)
1231 4821 1299 4891 rilla
1324 4821 1465 4890 territorii
1490 4783 1735 4912 llwidrynensis,
1754 4821 1884 4952 regionis
1905 4763 1965 4887 To·

354 4927 561 5100 mallem
571 5031 605 5084 11.
764 5011 766 5016 '
1600 5055 1604 5062 ,
1741 5025 1798 5082 ‘34
1944 5113 1946 5118 ι
