4878 5942
1052 778 1321 852 -327—

374 983 524 1073 Christo
553 985 648 1101 patri
677 981 829 1070 domino
850 981 1048 1098 Sbylutho,
1070 983 1251 1102 episcopo
1273 979 1585 1087 wladislauiensi,
1615 1011 1684 1101 pro
1706 998 1853 1072 centum
1875 985 2005 1106 viginti

375 1103 512 1190 mercis
533 1131 758 1222 grossorum
781 1101 1042 1220 pragensium,
1064 1101 1314 1220 quadraginta
1337 1116 1424 1186 octo
1446 1129 1608 1219 grossos
1630 1131 1701 1220 pro
1721 1103 1884 1220 qualibet
1906 1136 2005 1192 mar-

296 1289 301 1298 .
375 1251 423 1310 ca
443 1219 721 1340 computando,
753 1249 837 1308 oum
860 1218 1032 1330 omnibus
1052 1219 1316 1335 prouentibus,
1347 1219 1544 1320 lructibus,
1569 1219 1717 1337 juribus
1737 1235 1776 1308 et
1792 1223 2004 1312 utilitatibus

253 1385 258 1394 ·
374 1341 580 1446 uniuersis,
613 1370 687 1458 que
713 1337 849 1427 ibidem
878 1366 1049 1453 pronuno
1088 1353 1189 1442 sunt,
1220 1337 1280 1422 uel
1313 1353 1472 1454 possunt
1501 1339 1588 1426 esse
1617 1339 1653 1426 in
1686 1340 1864 1443 loturum,
1895 1355 2007 1458 prout

374 1459 412 1545 in
442 1459 522 1545 suis
556 1457 736 1578 granioijs
771 1456 1162 1543 circumferencialiter
1200 1468 1259 1541 est
1293 1453 1466 1543 distincta
1496 1472 1676 1574 perpetue
1704 1457 2006 1568 vendidisse„et

374 1575 512 1670 dictam
541 1577 738 1692 pecuniam
772 1589 920 1662 centurn
948 1575 1078 1692 viginti
1099 1603 1310 1661 marcarum
1332 1575 1482 1661 realiter
1503 1589 1643 1662 etcum
1665 1576 1800 1664 ellectu
1831 1605 2004 1663 numera·

374 1707 451 1782 tam
491 1725 514 1781 a
545 1694 646 1783 dioto
677 1692 828 1781 domino
858 1694 1042 1810 episcopo
1064 1693 1272 1810 recepisse,
1304 1691 1413 1778 nichil
1437 1693 1534 1809 juris
1556 1694 1615 1780 uel
1638 1693 1787 1812 dominij
1814 1695 1849 1782 in
1871 1694 2003 1784 eadent

375 1812 458 1901 villa
492 1819 804 1900 oeconomice
830 1839 901 1930 pro
936 1811 1046 1901 nobis
1082 1824 1120 1899 el
1145 1811 1285 1898 nostris
1320 1811 1608 1898 successoribus
1648 1812 1820 1932 legitimis
1860 1815 2006 1930 penitus

376 1932 413 2020 in
435 1948 544 2019 antea
566 1943 827 2030 reseruautes,
860 1961 929 2047 per
948 1933 1068 2049 ipsum
1091 1928 1280 2017 dominum
1311 1931 1530 2046 episcopum
1563 1945 1600 2016 el
1630 1959 1723 2018 suos
1744 1961 2005 2036 successores,

376 2051 438 2169 qui
459 2050 593 2136 luerint
613 2078 683 2166 pro
704 2063 890 2164 tempore,
920 2047 1079 2166 pacifice
1100 2049 1135 2134 in
1157 2062 1378 2166 perpetuum
1400 2045 1615 2152 tenendam,
1646 2047 1875 2156 habendam,
1913 2079 2005 2170 pos-

375 2166 590 2271 sitiendam,
621 2195 669 2254 ac
698 2167 735 2254 in
762 2197 854 2255 usus
884 2189 978 2256 suos
1006 2167 1265 2284 beneplacitos
1297 2164 1614 2273 conuertendam‚
1652 2180 1764 2284 prout
1794 2167 1865 2255 sibi
1885 2169 2004 2256 visum

375 2287 485 2374 luerit
505 2284 696 2402 expedire.
738 2284 1004 2374 Promittentes
1024 2287 1179 2403 insuper
1199 2285 1300 2372 bona
1320 2283 1396 2396 hlde
1417 2285 1466 2370 de
1487 2285 1698 2392 euiccione,
1719 2287 1751 2372 si
1773 2301 1810 2374 et
1829 2287 1865 2374 in
1886 2315 2006 2405 quan·

376 2419 452 2492 tuor
473 2403 641 2520 prelatus
662 2402 836 2490 dominus
857 2405 1081 2522 episcopus,
1103 2432 1170 2490 seu
1193 2403 1357 2489 ecclesia
1378 2403 1494 2520 ipsius
1515 2401 1682 2518 predicta
1705 2405 1740 2489 in
1760 2395 2007 2522 possessione

375 2519 588 2611 huiusmodi
608 2519 768 2638 pacilica
789 2551 857 2636 per
878 2521 1088 2638 quempiam
1108 2517 1296 2608 hominum
1319 2519 1548 2635 inpediretur
1567 2519 1654 2607 ville
1674 2521 1904 2638 supradicte.
1962 2523 2005 2612 ln

377 2669 470 2728 casu
491 2626 584 2728 vero
606 2639 689 2744 ubi,
721 2638 823 2755 quod
845 2637 942 2726 deus
962 2639 1126 2741 auferat,
1157 2635 1390 2753 sepedictam
1411 2635 1533 2723 uillam
1555 2629 1853 2755 non'possemus
1882 2671 2006 2758 neque

377 2758 591 2846 valeremus
612 2758 807 2861 evincere,
839 2769 976 2843 extunc
996 2755 1242 2874 promittimus
1261 2785 1332 2874 pro
1354 2752 1453 2841 dicta
1474 2756 1640 2870 pecunia·
1653 2773 1861 2844 memorato
1887 2756 2005 2846 dorni-

377 2905 427 2964 no
451 2877 652 2994 episcopo,
684 2875 765 2964 sine
787 2873 876 2962 dolo
898 2889 936 2962 et
955 2873 1086 2962 irnude
1116 2902 1165 2960 ac
1185 2875 1339 2991 strepitu
1360 2871 1500 2990 iudicij,
1532 2873 1762 2992 integraliter
1786 2875 2007 2962 satisfacere
2093 2941 2099 2954 ,

377 2994 701 3112 seurespundere.
722 2993 764 3081 ln
781 3024 940 3111 quorum
957 2993 1117 3080 omnium
1136 2993 1400 3108 premissorum
1413 2990 1543 3102 (sic)et
1556 2989 1849 3080 adeuidenciam
1867 2993 2006 3112 plenio-

378 3143 478 3216 rem,
510 3111 634 3233 sigilla
654 3128 822 3200 nostrum
843 3127 880 3200 et
898 3111 1093 3228 Vincencij
1115 3109 1176 3228 filij
1199 3111 1318 3199 nostri
1339 3140 1423 3196 curn
1444 3109 1618 3196 iratribus
1639 3111 1737 3215 suis,
1769 3113 2006 3229 presentibus

378 3247 465 3320 sunt
484 3262 667 3350 appensa.
729 3232 865 3318 Actum
894 3246 931 3318 et
960 3229 1086 3317 datum
1114 3230 1152 3316 in
1175 3233 1423 3318 Czeclroczt'no
1449 3224 1524 3340 (³),
1556 3229 1647 3316 leria
1680 3247 1813 3344 quarta
1871 3246 2007 3319 uatuor

377 3364 585 3468 temporum
606 3351 700 3437 inira
721 3363 880 3436 octauas
901 3347 1186 3466 penthecostes,
1217 3376 1317 3436 anno
1339 3345 1477 3434 domini
1499 3345 1691 3435 millesimo
1720 3347 1840 3436 CCC⁰
1892 3347 2006 3464 XX¹¹¹⁰

380 3467 462 3556 lX⁰.
524 3467 769 3556 Presentihus
806 3467 1087 3556 honorabilibus
1122 3496 1170 3552 ac
1206 3465 1392 3554 nobilibus
1428 3465 1534 3568 viris,
1574 3465 1750 3554 dominis:
1789 3465 2005 3558 Theodrico

379 3588 590 3705 preposito,
619 3585 794 3673 iohanne
814 3584 1094 3692 archidiacono,
1114 3583 1492 3690 wladislauiensibus;
1512 3581 1682 3674 larando
1704 3601 1859 3674 cantore
1880 3587 2005 3674 Steni-

379 3705 462 3792 slno
484 3705 532 3791 de
553 3711 677 3818 Poslep
698 3705 882 3792 canonico
904 3703 1241 3806 crusuicieusibos,
1278 3733 1325 3790 ac
1348 3703 1522 3790 Petrasio
1553 3702 1602 3788 de
1631 3701 1671 3790 S.
1694 3770 1704 3790 .
1726 3771 1736 3792 .
1757 3701 1933 3791 iohanne
1955 3705 2005 3791 de

283 3925 290 3937 ,
389 3829 588 3930 Wlosr'csa,
620 3823 798 3911 Potrasio
821 3821 870 3908 de
890 3826 1085 3926 Sesoncha,
1115 3819 1266 3908 dacobo
1293 3822 1342 3908 de
1382 3827 1663 3910 Venozslocrbze
1683 3835 1729 3910 „et
1756 3821 1931 3910 dohanne
1953 3821 2002 3907 de

379 3948 577 4030 Roleur'cse
597 3941 797 4028 heredibus
819 3937 897 4052 (⁴),
929 3954 966 4028 et
986 3941 1069 4058 alijs
1091 3940 1213 4028 multis
1233 3938 1309 4026 hde
1330 3938 1465 4058 dignis

479 4258 520 4342 (θ)
553 4253 707 4324 Oiecbocin
720 4257 786 4324 villu
800 4259 931 4344 regionis
944 4255 1114 4345 Lipnensis,
1128 4255 1316 4324 Clwbocinele
1328 4257 1470 4324 territorii
1487 4255 1688 4344 Gujaviensis,
1701 4255 1832 4343 regionis
1846 4257 2003 4343 Radziejo·

241 4373 255 4395 ·
379 4343 499 4422 niensis,
533 4341 673 4409 eroubiue
686 4363 758 4409 raro
771 4341 936 4408 Slonensis
1837 4400 1839 4408 .
1988 4407 1991 4417 ,

480 4363 532 4512 pl
562 4425 721 4524 Wloezyea
743 4427 811 4492 villa
832 4427 964 4576 regionis
977 4424 1245 4524 Radziejopiensis,
1268 4423 1384 4506 Swiccb
1398 4427 1528 4524 regionis
1542 4427 1725 4524 Brestensis,
1758 4425 1942 4507 Wtecloroice
1955 4448 2003 4493 re·

379 4513 476 4598 gionis
500 4512 712 4590 liowuliensts,
727 4531 833 4577 omues
880 4531 1042 4596 uJevrensrs
1056 4517 1206 4575 territant.
1248 4509 1397 4576 Raleroe‘ce
1419 4511 1487 4577 vrllu
1501 4511 1643 4577 territorii
1658 4510 1852 4590 Sirudiensis,
1873 4512 2004 4594 regionis

379 4610 453 4664 tero
466 4595 703 4664 Snudlroviensis.
745 4597 849 4694 Pauly
867 4594 993 4660 lormsse
1013 4594 1142 4660 Periclea
1163 4593 1230 4660 villa
1252 4595 1394 4660 territorii
1415 4594 1648 4682 Bydgostiensis,
1668 4596 1799 4682 regionis
1813 4615 1885 4662 tero
1898 4595 2004 4680 Mogil-

382 4682 495 4760 nensis,
508 4680 554 4748 tel
568 4681 697 4748 Pese‘eclr
708 4680 850 4747 territorii
860 4678 1092 4766 llwidzynensis
1104 4678 1236 4764 regionis
1248 4679 1468 4746 Brodnicansis.
