4926 5940
1065 787 1111 800 ...
1164 749 1240 820 409
1275 783 1341 842 .··

391 973 472 1036 nrm
492 969 813 1058 quorumcumque
845 971 1018 1050 suorum,
1050 972 1098 1032 ao
1117 946 1359 1063 capcionem,
1391 946 1637 1050 invasionem,
1669 947 2020 1037 incarceraoionem

392 1095 660 1182 personarum,
691 1092 908 1179 corporum,
929 1093 1052 1150 rerum
1074 1077 1112 1150 et
1131 1062 1316 1152 bonorum
1344 1063 1561 1150 eorumdem
1583 1061 1908 1167 denunciatorum,
1940 1097 2011 1185 ag-

391 1199 637 1302 gravaturum
656 1191 694 1268 et
713 1194 1054 1300 reaggravatorum
1085 1181 1288 1300 insurgatis
1315 1195 1352 1266 et
1380 1180 1474 1268 alios
1501 1183 1604 1269 iosur
1634 1211 1698 1266 ere
1723 1181 1877 1270 faciatis.
1930 1182 2014 1270 Nec

392 1332 466 1390 non
482 1327 691 1416 personas,
722 1327 904 1414 corpora,
926 1329 989 1384 res
1010 1311 1049 1386 et
1066 1299 1166 1386 bona
1188 1298 1403 1386 eorumdem
1427 1312 1464 1384 et
1485 1211 1679 1386 cuiusllret
1701 1301 1865 1415 ipsorum
1888 1302 2012 1416 capie-

393 1423 457 1525 tis,
487 1416 692 1522 invadatis,
723 1417 963 1506 incarceretis
998 1431 1036 1504 et
1056 1417 1092 1503 in
1113 1415 1329 1504 carceribus
1366 1419 1542 1523 tenentis,
1573 1420 1748 1504 arestetis
1784 1434 1821 1506 et
1851 1449 2011 1533 occupe-

392 1541 437 1624 tis
466 1567 536 1654 per
555 1533 705 1632 vosrel
726 1535 837 1622 elium
857 1565 926 1622 seu
945 1533 1042 1622 alios
1062 1535 1177 1622 libere
1198 1547 1236 1620 et
1256 1535 1369 1622 licite:
1386 1565 1501 1650 super
1516 1535 1649 1648 quibus
1676 1535 1786 1622 vobis
1808 1552 1844 1624 et
1865 1536 2014 1624 cuilibet

391 1667 557 1746 vestru-
577 1653 768 1740 liceuciam
790 1668 827 1740 et
847 1653 1051 1770 plenariam
1072 1655 1330 1740 auctoritatem
1351 1652 1594 1740 concedimus
1615 1683 1683 1768 per
1703 1671 1909 1770 presentes,
1932 1653 2010 1742 dic-

391 1787 526 1883 tosque
546 1770 811 1875 denunciatcs,
833 1786 1070 1889 aggravatos
1090 1786 1128 1858 et
1146 1786 1428 1888 reaggraratos
1449 1773 1666 1890 astringatis
1687 1773 1736 1856 ita
1759 1786 1795 1858 et
1815 1773 1955 1876 taliter,
1977 1789 2013 1858 et

392 1890 624 2006 compelletis
645 1889 763 1976 eciem
785 1917 895 1974 manu
916 1889 999 1975 forti
1020 1888 1209 2000 usquead
1231 1893 1413 2005 integram
1428 1889 1728 1976 satisfaccionem
1743 1891 1904 1975 omnium
1923 1921 2014 2006 pre-

392 2011 591 2096 missorum
602 2004 703 2092 dicto
718 2005 870 2094 domino
884 2005 1078 2123 Episcopo
1095 2004 1391 2122 impendendam.
1414 2005 1530 2120 Quod
1541 2008 1572 2094 si
1587 2007 1683 2094 forte
1693 2035 1763 2094 vos
1772 2007 2012 2094 lllustrissimi

393 2133 431 2211 el
450 2124 678 2212 serenissimi
697 2125 885 2241 principes
904 2153 952 2212 ac
972 2124 1126 2229 domiui,
1148 2122 1285 2210 domini
1308 2122 1574 2241 sigismundus
1593 2124 1856 2212 Romanorum
1874 2141 1944 2234 etc
1964 2155 2013 2211 ac

392 2241 552 2330 Polorric
572 2256 609 2328 et
627 2241 914 2358 [lacie,Reges
934 2241 1128 2342 antedicti,
1155 2256 1379 2328 executores
1407 2243 1553 2328 iusticie
1580 2244 1766 2358 presentis
1785 2245 1903 2330 nostri
1923 2272 2013 2360 pro·
2138 2279 2141 2288 ¹

391 2390 527 2449 cessus
547 2387 595 2443 ac
615 2358 875 2444 mandatorum
897 2373 1126 2458 nostrorum,
1147 2388 1273 2472 ymmo
1294 2360 1418 2445 verius
1438 2358 1757 2471 Apostolicorum,
1774 2375 2011 2478 trangresso-

392 2507 474 2582 res,
504 2474 805 2562 contradictores
833 2471 893 2560 vel
923 2475 1166 2591 neglectores
1195 2475 1354 2560 fueritis:
1390 2474 1492 2583 quod
1521 2489 1645 2560 tamen
1665 2488 1801 2588 ‚vestre
1830 2480 2011 2563 serenite-

394 2595 440 2684 tis
460 2591 690 2711 prefulgide,
717 2622 785 2709 per
811 2605 927 2679 totum
957 2591 1088 2678 orbem
1115 2590 1317 2708 divulgata,
1350 2591 1568 2678 obediencia
1590 2592 1775 2708 suspicarj
1811 2623 1888 2678 non
1918 2596 2011 2678 sinit:

394 2711 525 2830 procul
555 2709 671 2796 dubio
699 2708 872 2798 iudicium
902 2710 988 2796 iusti
1010 2709 1149 2825 judicis
1170 2708 1382 2812 offendetis,
1411 2724 1446 2795 et
1468 2709 1658 2824 premium,
1688 2708 1782 2796 alias
1813 2710 1922 2797 vobis
1942 2741 2012 2826 pro

395 2831 624 2918 excrucians
644 2826 855 2915 huiusmodi
876 2827 1018 2916 iusticie
1038 2857 1062 2914 a
1079 2825 1153 2914 deo
1175 2842 1356 2942 paratum,
1368 2827 1626 2914 nichilominus
1646 2825 1828 2914 amittetis.
1858 2826 1907 2914 Et
1927 2829 2013 2914 licet

395 2979 466 3036 vos
487 2945 697 3035 huiusmodi
726 2947 865 3034 nostris
893 2945 1095 3062 sentencijs
1122 2945 1364 3062 infrascriptis
1392 2945 1448 3031 sic
1467 2944 1589 3064 ligare
1609 2946 1802 3048 nolumus,
1833 2946 1941 3034 vobis
1963 2950 2013 3033 ob

393 3065 652 3168 reverenciam
672 3063 796 3183 Regis
817 3064 1018 3151 maiestatis
1038 3089 1114 3150 uon
1135 3063 1303 3150 inmerito
1331 3062 1543 3150 deferentes
1564 3064 1690 3150 intuitu
1712 3064 1873 3168 iusticie,
1906 3077 1944 3150 et
1963 3065 2013 3150 ob

394 3182 497 3274 sedis
531 3182 741 3297 apostolice
771 3183 1046 3284 reverenciam,
1077 3196 1226 3270 vestras
1262 3181 1482 3269 serenitates
1512 3179 1562 3266 ad
1598 3181 1778 3295 prefatam
1815 3183 2013 3270 execuoio·

394 3329 478 3390 nem
509 3300 699 3388 efficacem
729 3297 1021 3415 adimplendam,
1052 3313 1164 3417 prout
1177 3297 1228 3385 ad
1249 3300 1352 3414 ipsas
1379 3313 1525 3414 spectat
1546 3313 1583 3384 et
1604 3300 1770 3416 pertinet,
1805 3299 1841 3386 in
1863 3297 2015 3386 domino

395 3419 644 3509 exhortamur.
686 3419 727 3504 Si
746 3447 838 3507 vero
859 3447 941 3520 uos,
972 3416 1191 3504 Reverendi
1222 3430 1348 3532 patres
1384 3415 1522 3506 domini
1559 3415 1843 3534 Archiepiscopi
1867 3431 1904 3503 et
1923 3415 2015 3534 Epi·
2122 3407 2131 3420 ’

396 3539 519 3653 scopi,
550 3536 686 3641 duces,
722 3537 897 3640 comites,
933 3535 1097 3622 barones
1118 3549 1156 3621 et
1174 3535 1257 3650 alijs
1279 3533 1361 3647 (sic)
1382 3534 1628 3648 prenominati
1656 3549 1731 3621 tum
1753 3534 2014 3640 ecclesiastici,

396 3682 508 3772 quum
529 3657 722 3741 seculares
756 3652 934 3770 predictis
970 3655 1130 3759 nostris,
1165 3677 1290 3768 ymmo
1313 3655 1438 3738 verius
1458 3653 1696 3770 apostolicis,
1732 3652 1918 3740 mandatis
1939 3683 2013 3740 non
2113 3695 2116 3704 ·

396 3773 611 3889 parueritis,
641 3802 709 3859 seu
729 3771 824 3858 alter
851 3785 1015 3859 vestrum
1046 3800 1120 3857 non
1148 3773 1314 3886 paruerit
1338 3770 1489 3858 realiter
1515 3783 1657 3857 etcum
1679 3771 1836 3873 ellectu,
1865 3787 1928 3857 aut
1949 3772 2014 3856 ali-

394 3891 483 4004 quid
502 3891 540 3976 in
559 3891 784 3976 contrarium
804 3889 983 3992 feceritis,
1014 3919 1082 3978 seu
1102 3890 1236 4001 aliquis
1266 3904 1430 3977 vestrum
1458 3889 1618 3990 fecerit,
1635 3919 1705 3976 nos
1733 3892 1768 3973 in
1789 3919 1862 3974 vos
1882 3917 2014 3974 omnes

396 4027 432 4096 et
451 4009 623 4123 singulos
649 4007 907 4124 supradictos,
940 4023 1011 4092 tarn
1043 4007 1322 4094 ecclesiasticas
1350 4031 1461 4117 quarn
1490 4005 1683 4092 seculares
1711 4033 1919 4121 personas,
1949 4008 2012 4117 qui

394 4130 430 4212 in
451 4125 644 4238 premissis
664 4139 726 4209 aut
747 4123 871 4233 aliquo
888 4125 1154 4237 premissorum
1172 4123 1440 4240 quoquomodo
1454 4122 1658 4238 culpabiles
1674 4123 1825 4230 fueritis
1846 4137 1910 4210 aut
1930 4154 2016 4240 pre·

396 4244 500 4330 dete
518 4235 669 4326 domium
697 4239 893 4356 Episcopo
913 4239 1212 4353 impedimentum
1233 4241 1485 4356 prestiteritis,
1515 4241 1712 4350 quominus
1738 4244 1864 4328 omnia
1885 4257 1922 4328 et
1941 4241 2018 4328 sin·

397 4360 487 4479 gula
517 4389 624 4446 suum
654 4357 817 4445 debitum
846 4357 1059 4444 sarciantur
1085 4358 1275 4462 ellectum,
1312 4372 1350 4444 et
1369 4359 1636 4472 impedientes,
1668 4357 1802 4446 dantes
1833 4359 2017 4462 auxilium,

398 4477 594 4564 consilium
611 4475 672 4564 uel
692 4477 876 4576 favorem,
898 4476 951 4586 (et
969 4476 1196 4593 generaliter
1216 4476 1253 4561 in
1266 4505 1398 4562 omnes
1415 4488 1452 4560 et
1468 4475 1639 4594 singulos
1656 4477 1691 4562 in
1708 4477 1781 4562 lieo
1800 4490 1908 4594 parte
1928 4507 2018 4564 oon·

396 4593 621 4682 tradintores
635 4607 673 4681 et
686 4591 860 4699 rebelles,
880 4593 1314 4704 excommunicacionis),
1335 4595 1373 4679 in
1392 4595 1555 4708 capitula
1575 4620 1669 4680 vero
1690 4608 1728 4680 et
1748 4608 1956 4688 conventus
1978 4597 2015 4682 in

399 4713 468 4830 lrijs
489 4711 765 4821 delinquencia‚
795 4711 1055 4826 suspensionis
1075 4741 1099 4798 a
1120 4711 1274 4809 divinis,
1292 4725 1333 4800 et
1351 4712 1388 4796 in
1408 4735 1665 4824 quascumque
1692 4711 1894 4812 ecclesias,
1925 4714 2015 4800 civi-
2116 4769 2119 4778 =

398 4843 510 4936 tates,
541 4829 670 4946 opida,
695 4845 844 4925 castra,
874 4829 1151 4956 univmsitates,
1173 4830 1282 4919 villas
1308 4843 1347 4918 at
1371 4828 1578 4934 districtus,
1599 4849 1767 4918 necnon
1789 4831 2015 4919 monasteria
