4926 5940
1117 707 1390 784 „rnn-

436 915 582 1031 cessari
600 913 773 1016 hdatm,
809 911 955 1028 'apertis
974 908 1112 1026 iannjs,
1143 941 1169 998 a
1190 907 1348 999 dirimis:
1378 929 1491 1018 quam
1526 905 1676 1020 quidem
1696 909 1974 1000 cessamnnem
1994 943 2066 1031 par·

436 1051 514 1124 bras
533 1031 847 1134 dies-oontinuns,
864 1039 952 1147 pest
967 1028 1133 1145 ipsoram
1150 1026 1475 1128 denuntiatorum,
1496 1040 1797 1144 aggravaturus
1817 1045 1855 1116 et
1873 1059 2064 1150 rmggras

435 1167 626 1253 vunnim,
647 1149 706 1241 vel
726 1149 879 1236 alterius
899 1143 1117 1235 eurumdem
1138 1174 1345 1251 recessum,
1366 1143 1595 1247 observmis,
1615 1161 1654 1234 et
1669 1145 1723 1234 ab
1743 1145 1826 1264 alijs
1851 1151 2061 1267 contemrj

435 1269 578 1358 feriatis
598 1282 636 1355 et
655 1267 869 1382 ebsarvarj,
900 1265 951 1354 ita
970 1279 1006 1352 et
1027 1266 1155 1368 taliter,
1176 1261 1291 1375 quud,
1312 1259 1523 1352 huiusmodi
1542 1260 1702 1354 duranto
1717 1262 1928 1374 interdictu,
1960 1267 2063 1356 nula

435 1401 673 1476 sacramenta
692 1383 951 1472 ecclesiastica
971 1385 1007 1470 in
1027 1399 1065 1471 at
1086 1384 1156 1472 sub
1177 1379 1320 1484 eisdem
1341 1379 1454 1482 louis,
1476 1381 1547 1468 sub
1569 1385 1703 1492 quibus
1724 1384 1881 1499 predicti
1916 1384 2061 1474 denun-
2139 1421 2140 1424 ‘

437 1507 540 1610 cinti,
569 1504 772 1640 aggregati
796 1517 835 1590 et
852 1503 1098 1621 reuggravati
1127 1501 1259 1588 luerint
1287 1514 1352 1586 aut
1370 1499 1464 1586 alter
1493 1527 1624 1590 eurum
1646 1504 1773 1606 luerit,
1795 1503 2058 1590 ministrentur:

435 1627 508 1714 nist
525 1639 734 1742 penitencia
763 1636 801 1708 et
829 1621 1038 1736 baptismus
1066 1620 1239 1708 omnibus
1265 1616 1532 1724 indifferenter,
1564 1620 1767 1707 eukaristia
1793 1621 1876 1731 (sic)
1904 1620 2061 1710 infirmis
2217 1643 2221 1650 '

436 1741 665 1853 tamen(sin),
686 1755 724 1827 et
743 1739 1013 1828 matrimonium
1033 1739 1116 1826 sine
1136 1735 1395 1826 ecclesiastica
1415 1733 1664 1826 sollemnitate
1684 1737 1933 1826 contrabatur:
1953 1739 2060 1826 inibi·

436 1887 510 1975 que
529 1871 567 1948 et
585 1860 657 1948 snb
677 1857 820 1962 eisdem
840 1856 936 1944 locis
956 1855 1226 1946 decedentibus
1246 1853 1505 1942 ecclesiastiea
1525 1853 1736 1976 denegetur
1755 1857 1959 1974 sepultura.

539 1979 698 2066 Demnm
714 1979 744 2064 si
761 1977 894 2094 prelati
915 1974 1139 2081 denuncieti,
1160 1973 1362 2094 aggravati
1382 1985 1419 2060 et
1437 1976 1683 2093 reaggravati
1705 1976 1799 2062 infra
1819 1975 1915 2064 alius
1929 1965 2063 2062 dacum

437 2097 565 2206 [dies]‚
577 2096 704 2185 dictus:
712 2096 862 2214 triginta
877 2094 1025 2183 ultimus
1040 2090 1121 2182 dias
1140 2091 1342 2180 immediate
1361 2105 1577 2204 sequentes,
1597 2091 1853 2210 processibus,
1874 2092 2063 2186 mandatis

438 2230 476 2303 et
493 2216 693 2302 municioni
714 2214 851 2300 nostris
872 2211 1098 2318 huiusmodi,
1119 2239 1245 2326 ymmo
1265 2210 1392 2298 verius
1407 2209 1644 2324 a‘pustnlicis,
1665 2242 1738 2299 nun
1760 2213 1953 2326 paruerint
1973 2240 2060 2298 cum

437 2334 593 2433 ellectu,
623 2329 725 2443 quud
744 2329 852 2417 Deus
872 2343 1036 2436 avertat,
1068 2360 1141 2416 nus
1162 2345 1299 2418 extunc
1318 2327 1572 2433 attendentes,
1594 2329 1696 2442 quod
1718 2357 1848 2423 mucro
1879 2329 1962 2439 (sic)
1984 2357 2060 2417 nnn
2202 2401 2205 2407 .

436 2448 935 2568 perficientaeculasiasticu‚
945 2449 1162 2565 temporalis
1181 2443 1333 2564 gladius
1354 2475 1429 2534 nun
1450 2447 1619 2534 inmerito
1634 2448 1875 2566 suffragatur,
1887 2447 2063 2534 auxilium

437 2567 579 2687 bracbij
614 2566 796 2654 secularis
831 2565 1006 2654 duximus
1041 2565 1291 2654 invocandum
1312 2579 1351 2650 et
1370 2567 1610 2669 invocamus,
1642 2582 1691 2671 ut,
1713 2591 1810 2677 quus
1848 2566 1957 2652 timor
1989 2565 2062 2652 Dei

436 2685 580 2776 amalo
600 2717 676 2774 non
695 2696 872 2790 revocat,
904 2683 1120 2802 temporalis
1139 2683 1272 2770 saltem
1294 2682 1498 2772 coherceat
1517 2685 1703 2774 severitas
1724 2682 1936 2800 discipline:
1957 2683 2062 2772 binc·

436 2831 510 2918 que
529 2834 601 2892 vus
622 2804 887 2891 serenissimos
908 2803 1095 2921 principes
1115 2814 1155 2886 et
1175 2799 1366 2908 domines,
1396 2801 1678 2921 sigismundum
1708 2801 1967 2889 Romanorum
1987 2815 2061 2888 etc.

437 2951 486 3010 ae
504 2921 665 3010 Pulunie
692 2933 732 3006 ct
760 2920 890 3028 Dacia,
920 2920 1069 3039 Reges,
1097 2919 1184 3008 dicti
1214 2919 1329 3040 gladij
1362 2919 1575 3011 vibratur‘es
1596 2936 1633 3009 at
1648 2920 1800 3008 iusticie
1815 2920 2003 3008 zelatores
2024 2920 2063 3006 in

437 3039 588 3127 dominu
608 3040 865 3146 exhortemur,
896 3063 1043 3150 vosque
1063 3039 1238 3127 dominus
1266 3039 1475 3156 principes,
1507 3039 1642 3146 duces,
1676 3039 1852 3140 comites,
1883 3038 2061 3142 barones,

437 3157 588 3265 milites,
619 3159 781 3260 nubileS,
807 3157 1055 3275 justiciarius,
1084 3155 1254 3274 judices,
1289 3157 1504 3263 Officiales,
1543 3158 1777 3262 advocatos,
1809 3157 2062 3262 Castellanus,

436 3287 662 3389 ceterosque
679 3276 886 3366 officiarum
907 3275 990 3389 (sic)
1011 3291 1049 3364 et
1067 3292 1250 3364 terrerum
1279 3276 1453 3364 dominus
1478 3307 1547 3394 per
1566 3277 1801 3397 provincias,
1832 3276 2002 3362 civitates
2023 3287 2061 3358 et

437 3393 632 3503 dioceses,
663 3411 701 3483 et
722 3393 809 3482 alibi
828 3399 1064 3496 constitutos,
1085 3397 1307 3507 requirimus
1327 3393 1426 3482 dieta
1447 3400 1669 3484 auctoritate
1690 3410 1729 3482 et
1749 3423 1962 3496 monemus,
1990 3420 2060 3478 vu-

435 3512 570 3632 bisque
590 3529 628 3601 et
646 3528 810 3602 vestrum
831 3513 980 3601 cuilibet
1010 3515 1045 3600 in
1066 3515 1199 3602 virtute
1228 3527 1359 3602 sancte
1388 3511 1629 3618 obediencie,
1658 3527 1698 3600 et
1715 3512 1788 3598 sub
1815 3511 2061 3626 infrascriptis

370 3664 379 3674 ·
436 3633 543 3748 penis
563 3629 729 3718 districte
758 3631 1001 3748 precipiendo
1027 3633 1268 3738 mandamus,
1300 3633 1485 3748 quatinus,
1507 3649 1592 3752 pust
1612 3635 1758 3748 lapsum
1779 3629 1964 3718 dicturum
1984 3642 2058 3714 ter·

435 3747 633 3852 mirturum,
664 3765 702 3834 et
721 3763 922 3865 postquam
949 3778 1109 3865 presens
1139 3767 1269 3839 noster
1290 3777 1497 3866 processus
1525 3751 1639 3842 vobis,
1654 3763 1719 3838 aut
1742 3749 1850 3835 alteri
1882 3760 2059 3848 vestrum,

436 3867 473 3952 in
492 3867 630 3954 vestris
666 3867 877 3984 territurijs,
902 3865 1210 3980 jurisdicionibus
1240 3881 1277 3954 et
1297 3867 1524 3956 districtibus
1560 3869 1670 3955 luerit
1701 3865 1933 3985 publicatus,
1966 3865 2061 3949 infra

435 4013 505 4072 sex
526 3981 626 4085 dies,
653 3983 777 4074 dictos
804 3983 984 4072 terminus
1012 3983 1212 4071 immediate
1242 3997 1464 4102 sequentes,
1495 4015 1654 4103 quorum
1681 4013 1748 4070 sex
1779 3983 1926 4068 dierum
1961 3979 2063 4066 duos

435 4129 507 4219 pro
527 4103 665 4218 primo,
698 4101 795 4190 duos
817 4131 886 4220 pro
907 4101 1095 4208 seeundo,
1116 4119 1154 4190 et
1174 4103 1338 4220 reliquus
1359 4101 1441 4190 dies
1463 4103 1561 4191 duos
1580 4104 1690 4192 vobis
1712 4115 1749 4188 et
1768 4111 1937 4186 vestrum
1959 4097 2062 4186 cuili-

436 4221 501 4334 bet
518 4249 588 4338 pru
609 4222 726 4308 tercio
748 4234 786 4307 et
805 4223 1060 4338 peremptorio
1089 4223 1246 4310 terminu
1275 4251 1323 4308 ac
1353 4223 1563 4308 municione
1590 4220 1776 4308 canonica
1805 4219 2060 4338 assignamus,

272 4414 277 4424 .
435 4365 507 4426 vus
528 4367 668 4427 omnes·
682 4354 719 4426 et
738 4340 874 4459 singuli
895 4340 1125 4458 temporales
1140 4329 1288 4426 'donini
1316 4338 1514 4442 antedicti,
1534 4355 1570 4427 et
1591 4339 1742 4452 quilibet
1762 4351 1943 4440 uestrum,
1964 4357 2060 4445 quu-

437 4480 517 4541 rum
538 4458 701 4543 omnium
722 4488 838 4576 super
864 4457 940 4546 hoc
959 4457 1101 4574 brucltij
1132 4458 1314 4544 secularis
1346 4460 1565 4544 invocamus
1589 4455 1783 4556 auxilium,
1812 4454 1992 4567 quociens
2023 4466 2062 4538 at

435 4571 589 4686 quando
609 4605 678 4693 pro
699 4592 805 4694 parte
830 4573 917 4662 dicti
947 4575 1086 4664 domini
1107 4573 1288 4694 Episcopi
1312 4577 1453 4663 fueritis
1473 4576 1657 4688 requisiti,
1687 4600 1758 4659 sen
1779 4576 1873 4661 alter
1892 4579 2058 4659 vastmm

434 4691 544 4778 [eterit
580 4697 781 4805 requisitus
810 4695 847 4782 in
861 4696 959 4813 juris
979 4695 1186 4782 subsidium
1216 4709 1347 4781 cuntm
1376 4696 1544 4812 prelatus
1565 4691 1830 4796 denunciatus,
1863 4717 2058 4814 aggrava·

320 4824 325 4834 '
435 4825 497 4900 toa
515 4824 555 4900 et
577 4827 875 4931 reaggraratos,
906 4812 1005 4902 dicta
1032 4811 1251 4901 auctoritate
1278 4811 1505 4931 apostoliea,
1538 4839 1608 4930 par
1634 4811 1911 4900 arestaoiunem
1940 4809 2061 4897 buno·
