4926 5940
1077 765 1121 780 -
1176 726 1246 798 rar

394 867 661 1014 consumauitz‘
699 940 828 1043 etpro
848 939 957 1042 parte
977 923 1064 1012 dieti
1086 923 1189 1012 Petri
1209 924 1259 1012 ab
1280 922 1413 1014 eedem
1434 924 1618 1020 sententie
1640 925 1757 1043 ipsius
1777 925 1962 1018 iohannis
1976 927 2026 1016 de

393 1049 496 1134 Mela
513 1041 713 1141 auditoris,
747 1042 843 1132 mele
870 1044 988 1132 inisse
1007 1058 1045 1131 et
1065 1073 1154 1130 esse
1173 1043 1419 1160 appeliatum
1451 1042 1666 1162 dictumque
1687 1044 1842 1130 Petrum
1866 1047 1903 1131 io
1924 1048 2023 1144 truc·

395 1161 496 1249 tibus
520 1192 568 1248 ex
600 1161 688 1250 viiie
711 1167 803 1248 Orto
823 1175 861 1248 et
880 1161 1120 1277 pertinencijs
1141 1159 1392 1277 predictis,·a
1414 1174 1582 1278 tempore
1609 1161 1707 1249 dicte
1737 1161 1810 1248 inte
1831 1167 2025 1252 sentencie
2191 1169 2194 1178 ’

395 1280 512 1397 ipsius
540 1279 726 1368 dohannis
755 1277 805 1364 de
823 1284 926 1368 Melo
946 1278 1126 1366 auditoris
1147 1281 1240 1366 citra
1261 1280 1472 1395 perceptis,
1494 1295 1531 1366 at
1552 1281 1588 1366 in
1609 1283 1799 1396 expensis
1822 1309 1952 1367 coram
1974 1313 2022 1370 eo
2129 1295 2144 1382 ,“

394 1397 662 1486 iuhuiuemodi
691 1425 809 1484 causa
838 1397 1018 1515 legittime
1046 1397 1165 1500 factis,
1186 1395 1539 1512 condempnandum
1561 1400 1642 1485 tore
1664 1411 1701 1486 et
1721 1397 2024 1515 condempneuit,

395 1516 647 1630 predictarum
669 1545 919 1630 expensarum
942 1515 1138 1602 moncione
1159 1515 1228 1600 sibi
1246 1515 1493 1629 imposterum
1513 1530 1723 1602 reseruata.
1782 1517 1953 1632 Cumque
1975 1519 2034 1604 ab‘

393 1632 527 1722 eadem
548 1635 742 1722 sentencia
761 1633 878 1750 ipsius
898 1632 1083 1720 Johennis
1115 1630 1359 1748 Gundissatuj
1380 1632 1563 1720 auditoris
1582 1663 1653 1750 pro
1674 1651 1782 1751 parte
1802 1635 1890 1724 dicti
1920 1636 2024 1722 Petri

389 1749 602 1840 adsedem
630 1751 760 1838 fuisset
788 1751 1015 1868 appeliatum
1047 1748 1288 1838 antedictam.
1320 1779 1391 1836 nos
1421 1779 1577 1840 oausam
1606 1751 1731 1840 ultime
1752 1750 2023 1871 appellecionis

393 1867 605 1956 huiusmodi
625 1868 761 1956 diiecto
782 1866 858 1956 filio
878 1869 1068 1986 Magistro
1083 1867 1268 1984 Cuntznnj
1285 1867 1335 1954 de
1345 1875 1484 1972 Zoara,
1494 1870 1693 1988 capellano
1715 1887 1847 1962 nostro
1869 1883 1906 1957 et
1929 1901 2023 1958 ceu-

394 2015 520 2072 serum
540 1985 627 2074 dicti
649 1984 795 2102 palieuij
817 1985 996 2092 auditori,
1021 1985 1255 2074 audiendam
1284 1987 1537 2076 commisimus
1574 2004 1609 2076 et
1640 1989 1715 2076 fine
1748 1988 1877 2078 debito
1900 1990 2021 2076 termi-

392 2101 568 2192 nandam.
608 2101 685 2217 Qui
705 2104 877 2206 similiter,
898 2107 1063 2224 cognitis
1084 2102 1296 2192 huiusmodi
1315 2133 1433 2194 cause
1453 2108 1613 2212 meritis,
1645 2106 1694 2192 de
1719 2108 1876 2195 consitio
1898 2122 1936 2194 ct
1958 2137 2023 2194 as·

392 2251 507 2310 sensu
527 2221 785 2310 coauditorum
806 2253 960 2312 suorum
982 2253 1183 2312 causarum
1205 2222 1292 2310 dicti
1313 2223 1479 2342 pellacij,
1510 2223 1648 2338 quibus
1668 2225 1788 2312 eciam
1810 2251 1928 2342 super
1951 2224 2023 2342 hijs

392 2339 618 2428 relacionem
639 2342 725 2426 tecit
744 2339 910 2445 fidetem,
933 2371 1002 2458 per
1020 2371 1128 2428 suem
1149 2340 1378 2428 dittirritiuam
1398 2346 1630 2430 sentenciam
1651 2344 1930 2457 pronunciant,
1954 2342 2025 2430 de-

392 2459 510 2548 creuit
531 2473 568 2544 et
588 2457 803 2559 declarauit,
825 2471 893 2574 pe'r
908 2458 1090 2574 prefatum
1105 2455 1319 2544 dohennem
1341 2457 1582 2575 Gundisseloj
1604 2460 1814 2547 auditorem
1846 2463 1883 2548 in
1904 2489 2023 2549 cauea
2167 2571 2171 2578 Ι

391 2574 604 2666 huiusmodi
625 2575 724 2662 bene
741 2576 859 2662 tuisse
878 2589 916 2664 et
936 2605 1024 2664 esse
1039 2603 1283 2690 processum,
1302 2575 1574 2662 sentenciatum
1596 2591 1634 2663 et
1650 2576 1862 2681 diffinitum,
1885 2579 2024 2696 ipsius-

391 2720 466 2806 que
486 2694 717 2782 sentenciam
747 2693 954 2811 predictam
980 2691 1275 2780 confirmandam
1308 2693 1388 2779 tore
1408 2709 1447 2779 et
1471 2694 1727 2799 confirmauit3
1755 2723 1803 2780 ac
1825 2724 1894 2810 pro
1942 2711 2025 2782 arte

391 2811 479 2900 dicti
512 2811 616 2900 Petri
645 2812 694 2898 ab
715 2809 850 2900 eedem
871 2813 1064 2900 sentencia
1084 2811 1200 2928 ipsius
1225 2809 1412 2898 iohannis
1432 2810 1675 2900 Gundissalui
1696 2810 1880 2898 auditoris
1909 2725 2023 2910 funale

390 2931 508 3019 tuisse
523 2945 561 3016 et
580 2959 668 3018 esse
687 2929 925 3048 appellatum
945 2929 1159 3045 dictumque
1180 2927 1333 3015 Petrum
1354 2930 1587 3028 infractibus
1608 2961 1656 3018 ex
1670 2929 1757 3019 vilia
1775 2935 1867 3017 Orle
1882 2943 1920 3020 et
1935 2959 2024 3046 per-

391 3047 563 3163 tinencijs
590 3047 787 3163 predictis,
817 3077 851 3134 a.
865 3063 1036 3164 tenpore
1063 3045 1164 3134 dicte
1184 3045 1260 3131 late
1287 3049 1478 3135 sentencie
1498 3049 1616 3166 ipsius
1636 3047 1822 3135 dohannis
1842 3047 1892 3136 de
1921 3053 2025 3138 Meto

388 3165 586 3260 auditoris]
607 3161 664 3279 (³)
685 3167 779 3256 citra
788 3168 1009 3372 perceptis,
1040 3179 1077 3252 et
1096 3166 1132 3252 in
1152 3167 1351 3281 expensis,
1384 3195 1514 3254 coram
1536 3195 1584 3254 eo
1604 3167 1640 3252 in
1661 3164 1874 3253 huiusmodi
1901 3196 2023 3254 causa

390 3284 697 3404 legittimeiactis,
711 3314 785 3374 con
815 3283 1157 3400 empnaudum'iore
1173 3297 1209 3370 et
1225 3283 1526 3401 condempnauit,
1537 3285 1762 3402 prefatorum
1773 3313 2024 3400 expensarum

389 3403 588 3494 macione
616 3402 686 3492 sibi
715 3404 959 3520 imposterum
987 3416 1195 3490 reseruata.
1245 3399 1296 3489 Et
1316 3401 1592 3522 subsequenter
1619 3402 1815 3502 dohannes
1837 3401 1886 3488 de
1907 3407 2023 3506 Melo,

390 3518 1702 3730 atttrttttttttt’ttttttdttdtttttttttd
1716 3519 1929 3726 tttttffl
1943 3536 2023 3726 ti‘

390 3755 511 3844 decim
532 3707 686 3848 dormis
705 3671 858 3876 nurfde
878 3705 1048 3862 edmero,
1074 3757 1162 3874 bonj
1184 3773 1222 3845 et
1242 3669 1547 3874 iustipponderis,
1569 3757 1728 3875 prouida
1749 3671 2020 3845 moderedione

386 3888 622 3983 texauerunt,
640 3877 897 3995 procuratoris
917 3877 1034 3995 ipsius
1049 3873 1243 3995 Episcopi,
1264 3903 1381 3994 super
1399 3878 1577 3995 expensis
1598 3877 1700 3994 ipsis,
1722 3877 1937 3962 iuramentis
1958 3905 2020 3960 se-

389 3991 502 4097 cutis,
534 4009 643 4109 prout
665 3996 701 4084 in
722 3995 976 4085 instrumentis
995 3995 1155 4111 publicis
1175 3993 1262 4080 inde
1282 3995 1464 4082 confectis
1499 3994 1705 4082 eorundem
1734 3991 1946 4078 auditorum
1969 3993 2021 4080 si·

350 4113 353 4122 ’
388 4108 488 4229 gitis
506 4110 654 4198 munitis
675 4111 809 4200 dicitur
824 4111 969 4228 plenius
984 4110 1434 4223 contineri-Quocirca
1450 4110 1673 4228 discrecionj
1690 4123 1818 4197 vestre
1837 4139 1908 4226 per
1924 4139 2018 4227 apo·

387 4226 526 4318 stolica
554 4227 693 4343 scripte
721 4229 962 4332 mandamus,
994 4243 1178 4344 maenus
1198 4257 1291 4330 vos,
1322 4227 1383 4318 vel
1403 4225 1480 4314 duo
1508 4241 1573 4316 aut
1603 4241 1699 4315 unus·
1730 4239 1917 4327 vestrum,
1951 4257 2021 4345 per

389 4374 460 4436 vus
480 4345 540 4434 vel
560 4344 671 4434 aliurn
692 4377 760 4434 seu
780 4346 888 4444 elios,
909 4345 1093 4463 premissa
1122 4345 1341 4461 execucionj
1362 4343 1489 4432 debite
1509 4343 1805 4450 demandantes,
1864 4346 2019 4433 retatum

389 4459 621 4581 Episcopum
642 4462 692 4550 ed
713 4463 953 4582 corporalem
975 4464 1260 4580 possessionem
1280 4463 1366 4555 vilic
1389 4469 1481 4550 Orto
1501 4493 1586 4551 cum
1607 4463 1690 4580 etijs
1710 4463 1817 4569 vittis,
1838 4375 1944 4569 foco,
1967 4463 2019 4584 pi·

492 4763 532 4847 (θ)
560 4763 661 4830 Verba
678 4765 762 4830 uncis
787 4763 910 4846 incluse,
935 4765 1047 4832 lirrarii
1073 4763 1187 4833 incuria
1213 4763 1335 4846 omissa,
1352 4767 1546 4853 apposuimus
1568 4767 1661 4834 secuti
1677 4766 1881 4834 auctoritatem
1897 4765 2021 4834 alterius

390 4847 570 4935 exemplaris
585 4849 674 4934 trojm
689 4849 818 4917 tabulae.
