4956 5940
1027 737 1398 812 '--38tt-

444 940 566 1028 mibus
587 938 806 1026 excessibus
828 937 927 1026 citati
948 937 1096 1026 minimo
1112 938 1386 1058 respondeant,
1418 967 1489 1026 nec
1517 939 1662 1058 aliquas
1690 969 1809 1057 panas
1839 939 1993 1030 soluere
2019 959 2075 1033 te·

444 1059 630 1146 nebuntur
649 1057 752 1170 (sic),
784 1055 855 1145 sed
883 1061 988 1145 ciues
1015 1070 1053 1145 et
1079 1058 1201 1144 incole
1232 1059 1390 1146 ciuitatis
1418 1055 1585 1175 predicte
1613 1086 1743 1145 coram
1773 1088 1844 1150 suo
1866 1059 2076 1180 adnodato,
2167 1143 2170 1156 .

444 1178 506 1287 qui
526 1205 597 1294 pro
618 1191 786 1292 tempore
807 1177 928 1281 luerit,
960 1176 1170 1264 aduncatus
1194 1206 1289 1269 vero
1318 1205 1445 1263 coram
1468 1173 1619 1264 domino
1640 1201 1730 1283 suo,
1760 1193 1826 1265 aut
1846 1185 1977 1267 coram
1997 1209 2066 1268 uo·

443 1295 500 1381 bis
542 1293 601 1380 vel
624 1294 768 1412 judicio
799 1309 929 1382 nostro
959 1294 1150 1414 generali,
1190 1292 1276 1380 duur
1305 1310 1430 1381 tamen
1469 1325 1537 1411 per
1566 1307 1733 1382 nostram
1763 1296 1909 1383 literam
1938 1313 2073 1387 nostro

443 1411 568 1532 sigillo
588 1412 788 1547 sigillatam
809 1412 917 1499 luerit
938 1425 1139 1516 euocatus,
1162 1429 1199 1500 et
1218 1412 1293 1499 boc
1314 1417 1345 1500 si
1366 1416 1401 1499 in
1423 1412 1620 1499 reddenda
1641 1414 1786 1500 iusticia
1808 1415 1969 1503 ciuitatis
1985 1446 2072 1532 pre·

442 1534 518 1619 late
539 1529 711 1618 dommus
748 1528 948 1648 negligens
982 1531 1091 1620 luerit
1111 1546 1147 1618 et
1168 1532 1368 1638 remissus,
1400 1545 1488 1617 tunc
1510 1560 1585 1618 non
1607 1530 1733 1636 aliter,
1764 1561 1877 1651 quam
1900 1563 1970 1620 suo
1986 1535 2072 1650 jura

442 1651 659 1737 theutonico
694 1649 996 1767 lllaydburgensi
1022 1648 1214 1766 predicto,
1261 1647 1310 1734 de
1345 1681 1389 1737 se
1428 1647 1709 1767 querulantibus
1757 1651 1992 1766 respondere
2025 1654 2073 1740 sit

287 1833 293 1842 .
445 1769 634 1856 astrictus.
687 1767 727 1852 ln
750 1769 876 1854 causis
900 1783 1023 1853 autern
1045 1766 1296 1854 criminalibus
1318 1782 1353 1854 et
1375 1765 1596 1884 capitalibus
1624 1768 1797 1882 superius
1828 1771 2070 1884 expressatis,

442 1885 632 1974 aduocato
653 1886 813 1972 ciuitatis
842 1884 1008 2002 predicte
1041 1889 1217 1987 Gratata
1246 1885 1283 1984 in
1309 1887 1417 1972 metis
1449 1900 1487 1972 et
1511 1886 1692 2004 granicijs
1715 1883 1851 1972 ibidem
1866 1884 2072 2003 judicandi,

444 2001 679 2124 corrigendi,
710 2001 987 2090 condemnandi
1009 2019 1045 2090 et
1065 2002 1246 2118 puniendi
1274 2003 1423 2121 plenam
1455 2002 1590 2089 damus
1612 2016 1650 2090 et
1669 2002 1922 2091 omnimodam
1943 2009 2074 2110 tenore

443 2123 681 2237 presencium
703 2120 948 2209 concedimus
968 2121 1201 2225 facultatem,
1225 2135 1338 2238 prout
1357 2123 1433 2208 hoc
1452 2121 1522 2210 dns
1543 2120 1844 2240 Maidburgensa
1864 2119 2074 2238 predictum

443 2243 479 2327 in
509 2240 681 2326 omnibus
708 2241 786 2326 suis
808 2239 980 2354 punctis,
1022 2235 1215 2346 clausulis,
1256 2238 1560 2344 condicionibus,
1599 2240 1799 2356 sentenoijs
1830 2254 1867 2326 et
1903 2241 2073 2328 articulis

445 2359 611 2474 postulat
631 2372 667 2443 et
687 2359 860 2474 requirit:
895 2357 1043 2473 juribus
1059 2355 1182 2444 tamen
1205 2359 1342 2443 nostris
1364 2357 1557 2476 regalibus
1580 2359 1616 2443 in
1638 2356 1807 2444 omnibus
1829 2387 1981 2472 semper
1996 2359 2073 2446 sal·

442 2477 511 2564 uis.
573 2473 737 2574 Harum,
769 2475 903 2591 quibus
934 2475 1095 2592 sigillum
1127 2488 1294 2561 nostrum
1316 2505 1524 2592 appensum
1546 2489 1614 2578 est,
1636 2476 1849 2563 testimonio
1871 2475 2069 2562 literarum.

442 2593 577 2680 Actum
607 2599 766 2696 Vesticio,
791 2593 883 2681 laria
904 2605 1039 2711 quarta
1060 2593 1155 2680 inlra
1176 2609 1334 2702 notanus
1356 2595 1631 2711 assumpttionis
1653 2592 1951 2696 Sancte'lllarie,
1970 2605 2071 2681 anno

441 2711 580 2798 domini
610 2711 804 2826 millesimo
834 2709 1205 2830 quadringentesimo
1227 2710 1516 2799 sextodecimo.
1580 2711 1825 2799 Presentibus
1852 2703 2069 2828 magnificis,

441 2830 704 2941 strennuisque
734 2827 909 2916 dominis:
944 2828 1106 2915 Cristino
1127 2827 1177 2914 de
1200 2833 1348 2915 Ostrow
1381 2829 1588 2917 castellano
1610 2835 1652 2914 'et
1674 2830 1888 2946 capitaneo,
1919 2829 2071 2916 loanne

440 2944 490 3032 de
524 2955 707 3034 Ttnnczr'n
737 2946 909 3033 Palatino
940 2949 1194 3050 craenuiensi,
1238 2945 1490 3066 Sandiwogio
1517 2947 1566 3033 de
1599 2953 1786 3060 Ortrcrop
1822 2939 2071 3064 posnaniensi,

441 3061 602 3152 Nicolao
633 3065 681 3151 de
708 3069 907 3153 Miclatow
934 3065 1242 3169 sandomiriensi‚
1284 3066 1424 3153 Mathia
1468 3064 1517 3151 de
1558 3071 1820 3152 Wonsetoscte
1848 3066 2068 3170 calissiensi,

446 3181 590 3270 lllatbia
611 3184 659 3270 de
673 3189 874 3269 'Missenio
905 3183 1110 3290 brestensi,
1141 3183 1291 3272 Jacobo
1313 3183 1361 3270 de
1385 3188 1641 3298 Conieezpctie
1662 3183 1870 3288 siradiensi,
1890 3183 2072 3302 palatinis,

442 3315 479 3388 et
498 3301 580 3419 alijs
603 3331 712 3420 quarn
734 3301 901 3418 pluribus
930 3299 1006 3388 fida
1027 3301 1162 3419 dignis,
1184 3299 1355 3393 fidelibus
1376 3305 1515 3392 nostris
1536 3302 1691 3390 dilectis.
1742 3301 1881 3388 Datum
1903 3327 2072 3420 per'ma·

256 3487 258 3492 .
347 3505 351 3510 .
441 3449 512 3506 nus
528 3418 727 3508 reuerendi
749 3419 783 3504 in
806 3419 955 3507 Christo
977 3423 1094 3539 patris
1115 3417 1253 3506 domini
1274 3421 1429 3524 Alberti,
1452 3419 1631 3538 Episcopi
1653 3421 1921 3525 cracouiensis',
1942 3413 2072 3538 Regni

440 3536 599 3624 Polonie
635 3537 863 3646 cancellarii,
895 3568 943 3625 ac
962 3537 1187 3626 venerabilis
1209 3537 1347 3626 domini
1373 3538 1544 3654 [Donyn]
1560 3537 1663 3626 sedis
1684 3537 1893 3656 apostolice
1914 3538 2071 3672 protho-

439 3655 586 3771 notan'j,
603 3654 737 3743 decani
758 3659 1027 3762 cracouiensiS,
1048 3657 1229 3776 prepositi
1249 3659 1369 3747 sancti
1388 3657 1566 3758 Floriani,
1587 3659 1825 3776 gnesnensis,
1846 3685 2070 3744 craoouren-

440 3775 511 3875 sis,
552 3773 832 3889 posnaniensis,
864 3775 1176 3864 wladislauiensis
1204 3790 1241 3862 et
1273 3775 1575 3863 cruscbuicensis
1605 3775 1849 3862 ecclesiarum
1879 3773 2066 3888 canonici,

440 3887 567 4008 Regni
589 3889 748 3978 Polonie
768 3891 1083 4000 vicecancellari',
1114 3895 1262 3983 sincere
1283 3895 1391 3982 nobis
1412 3893 1643 3981 dilectorum.
1676 3891 1737 3981 Ad
1758 3891 1984 3981 relacionem
1998 3917 2065 3978 ve·

441 4009 615 4098 nerabilis
637 4007 776 4100 domini
795 4010 954 4100 loannis
975 3923 1094 4100 Pella
1117 4013 1166 4102 de
1186 4017 1398 4126 llljewcsct,
1420 4011 1600 4131 prepositi
1621 4011 1884 4102 nrusuicensis.
1906 4097 1914 4108 ,
