4926 5940
1064 755 1344 832 -tut-

387 955 725 1076 puellaiutarlcote
746 954 888 1044 inuilla
911 951 1010 1050 *dicti
1046 951 1411 1074 duminiaepisccpi:
1441 954 1510 1060 ita,
1540 951 1643 1066 quud
1679 954 1846 1072 prelatus
1887 937 2019 1048 Dobe-

388 1077 514 1194 gne'us
534 1073 741 1178 asserebat,
757 1072 859 1184 quud
881 1071 981 1162 dictu
1002 1101 1101 1190 pena
1122 1075 1255 1192 capitis
1275 1071 1326 1160 ad
1347 1073 1464 1188 ipsius
1499 1072 1717 1192 dignitatem
1748 1077 1951 1193 prefatam,
1982 1091 2020 1166 ct

387 1192 439 1280 ad
460 1191 650 1282 dominum
671 1206 839 1278 nostrum
860 1188 1011 1309 Regem
1049 1193 1272 1306 pertineret,
1303 1204 1341 1278 et
1360 1221 1430 1308 pro
1466 1191 1600 1278 eadem
1636 1223 1748 1309 pena*
1769 1194 1892 1283 uillam
1929 1195 2019 1284 dicti

387 1309 526 1401 domini
547 1309 716 1426 episcopi
737 1309 810 1424 inpi
843 1322 1065 1400 ncrauerat:
1097 1303 1182 1396 Nos
1202 1308 1337 1398 auditis
1364 1309 1452 1394 binc
1481 1308 1567 1396 inde
1588 1312 1792 1426 propositis
1813 1328 1850 1400 et
1869 1313 2018 1430 priuils-
2039 1355 2042 1364 ·

387 1429 462 1546 gijs
485 1427 648 1516 ecclesia
671 1337 1013 1526 'wtadtsbuiensis
1046 1441 1082 1514 at
1104 1424 1310 1542 ¹diligenter
1340 1428 1545 1514 masticatis
1576 1457 1659 1514 cum
1691 1428 1851 1518 dominis
1882 1459 2017 1547 supra·

386 1543 689 1680 scriptisbabito
710 1545 877 1662 ipsorum
898 1543 1055 1634 consilio
1077 1553 1114 1632 et
1134 1573 1341 1649 consensu,
1363 1545 1543 1659 prefatam
1564 1575 1700 1662 penam
1722 1547 1843 1636 eidem
1865 1547 2018 1648 domiuo
2183 1635 2185 1642 ,

386 1661 421 1750 E
448 1691 583 1780 rscopo
604 1661 896 1752 wladislauiansi
917 1677 957 1753 st
976 1661 1063 1748 nulli
1083 1661 1190 1748 alteri
1218 1661 1536 1768 adiudiuauimus‚
1567 1677 1604 1750 at
1624 1679 1758 1752 tenore
1776 1667 2017 1783 presencium

384 1693 667 1882 abiudicamus,
698 1779 822 1868 eidem
842 1780 1058 1899 Dobegueo
1081 1779 1302 1896 Kouarsky‚
1331 1793 1369 1868 et
1395 1780 1500 1868 alteri
1522 1781 1692 1888 cuilibet,
1724 1799 1944 1902 perpetuum
1965 1785 2017 1875 si·

384 1899 545 1990 lencium
566 1898 1053 2014 imponentes-Ceterum
1074 1899 1240 2015 prelatus
1261 1899 1434 1992 dominus
1457 1914 1588 1988 noster
1607 1898 1694 1988 Rex
1724 1928 1880 1990 oausam
1901 1927 2017 2019 super

338 2015 354 2032 ”
384 2015 532 2104 decium
553 2017 636 2122 lini,
655 2029 861 2106 vertentem
892 2017 1189 2132 interpretatum
1211 2015 1399 2105 dominum
1428 2014 1660 2135 Episcopum
1694 2033 1731 2104 et
1752 2019 1939 2138 opidanos
1969 2018 2019 2113 do

388 2139 603 2238 Gnouton,
634 2133 947 2226 wladisluuiensis
976 2131 1158 2239 diocesis,
1190 2163 1274 2225 cum
1295 2137 1565 2254 suprascriptis
1596 2135 1757 2225 dominis
1778 2136 2017 2233 iudicandam

385 2253 583 2342 commisit:
613 2249 696 2340 Nos
716 2284 809 2342 vcro
830 2252 965 2342 auditis
986 2252 1180 2340 hincinde
1200 2255 1424 2372 propositiS,
1456 2255 1637 2370 prefatam
1658 2253 1843 2344 decimam
1864 2255 1942 2360 lini,
1962 2255 2018 2342 vi-

385 2370 522 2460 delicet
541 2370 641 2458 duos
661 2401 826 2488 grossus
846 2371 895 2458 de
916 2371 1083 2481 quotibet
1103 2400 1256 2472 manso,
1280 2372 1346 2458 ¹uel
1368 2371 1470 2482 quod
1496 2370 1680 2463 decimam
1702 2373 1860 2476 ducant,
1892 2374 2017 2490 prela·

387 2504 427 2578 to
447 2487 600 2577 domiuo
625 2489 820 2606 episcopo,
844 2487 1039 2605 perpetuis
1075 2487 1309 2603 temporibus
1340 2487 1388 2574 de
1418 2489 1611 2576 uoluntate
1638 2505 1676 2574 et
1707 2520 1897 2578 consensu
1927 2492 2012 2603 (sic)

314 2687 319 2696 .
383 2605 702 2713 adiudicauiruus,
733 2621 772 2694 ct
791 2618 923 2698 tenore
942 2605 1180 2722 presencium
1215 2602 1487 2692 adiudicamus.
1535 2603 1575 2690 ln
1596 2630 1755 2716 quorum
1776 2608 1938 2694 omnium
1961 2624 2016 2695 te·

384 2725 595 2818 stimonium
625 2737 663 2814 et
691 2722 923 2812 euidenciam
954 2723 1192 2840 pleniorem·
1210 2721 1373 2858 sigillum
1403 2735 1573 2810 nostrum
1600 2724 1838 2838 presentibus
1868 2738 1927 2812 est
1946 2753 2016 2842 ap-

384 2873 553 2962 pensum.
603 2841 741 2931 Actum
762 2857 800 2930 st
819 2840 946 2935 datum
968 2843 1004 2928 in
1025 2846 1230 2946 Mnnmb,'
1252 2863 1294 2928 ιη’
1309 2841 1436 2958 uigilia
1467 2840 1568 2928 beati
1588 2841 1725 2940 iacobi
1745 2841 1908 2960 apostoli
1928 2841 2014 2959 glo·

382 2962 492 3065 riosi,
512 2989 615 3052 anuo
635 2959 783 3054 domini
795 2959 988 3050 millesimo
1009 2958 1383 3080 quadringentesimo
1403 2959 1584 3050 vicesimo
1604 2961 1752 3073 quinto,
1776 2961 2014 3080 presentibus

384 3077 842 3199 dominisauprascriptia
1216 3110 1219 3116 ·
1502 3091 1516 3119 ·

1062 3405 1336 3526 otttttxt.
1396 3453 1399 3460 Δ

276 3688 281 3696 -
401 3637 472 3744 ln
491 3611 705 3740 mauu
727 3633 994 3744 cocetum,
1023 3653 1178 3722 anno
1197 3573 1344 3721 1425
1368 3633 1462 3718 rttc
1479 3633 1518 3718 9
1536 3635 1736 3720 mensis
1754 3635 2009 3758 mumulo..

383 3835 694 3913 wladislaus
718 3839 787 3912 lox
810 3836 955 3912 lotcutrc
969 3835 1001 3908 tu
1015 3814 1097 3910 ultra
1112 3839 1256 3918 Drance,
1282 3835 1429 3928 oopttuu
1457 3837 1599 3933 ejusdcm
1622 3837 1756 3913 uomiuto
1778 3837 1901 3920 ccubt,
1923 3837 2014 3927 olous

517 3983 520 3988 -
920 3937 978 4032 tut
991 3939 1471 4032 nastulrrpmsctugtturttt

481 4093 695 4214 innomine
714 4119 868 4230 domini,
889 4145 1011 4216 amem
1052 4125 1115 4215 Ad
1136 4143 1353 4245 perpetuam
1375 4128 1428 4213 rei
1450 4128 1679 4214 memoriam.
1720 4127 1829 4214 Tunc
1849 4125 2012 4214 omnium

383 4244 578 4334 dubiorum
600 4243 737 4330 cedunt
757 4246 984 4350 ambactos,
1012 4245 1101 4334 dum
1122 4275 1185 4332 res
1206 4271 1279 4356 que
1300 4260 1484 4364 geruntur
1503 4246 1540 4332 in
1561 4259 1748 4363 tempore,
1770 4275 1818 4354 nc
1840 4244 2014 4332 labantur

383 4362 561 4474 continuo
582 4377 617 4451 et
637 4377 833 4482 gesturum
855 4377 1073 4451 contractus
1104 4363 1376 4482 extinguatur,
1391 4362 1592 4474 ¹literarum
1617 4361 1782 4482 presidio
1804 4361 1925 4452 solida
1947 4393 2012 4452 us·

432 4711 439 4726 ι
485 4628 523 4711 (¹)
548 4575 596 4696 Er
610 4627 680 4696 arob
755 4627 766 4646 '
785 4627 1029 4727 mambranaceo·
1040 4628 1245 4728 versariensis
1270 4628 1408 4696 tabularii
1427 4611 1539 4716 publici
1552 4629 1650 4716 Regni
1669 4629 1811 4697 Polooiaa
1824 4629 1874 4698 Nr.
1888 4629 1950 4697 bl't
1962 4629 2012 4697 dc·

382 4719 535 4797 scriptum.
550 4713 686 4814 §igitlum
721 4721 792 4779 cest
802 4713 915 4778 Tubulo
930 4734 1074 4813 praecisa,
1090 4737 1122 4780 m
1136 4735 1201 4798 epus
1212 4722 1298 4813 parte
1313 4734 1417 4814 auersa
1432 4723 1607 4814 annotatum
1617 4715 1802 4814 :·„Cossataa
1813 4725 2010 4816 posteaquam
2030 4791 2033 4798 Ι

382 4796 474 4864 Sucro
489 4799 583 4882 Regu
597 4801 740 4868 Maiestas
753 4817 888 4866 summas
900 4818 1115 4949 pessumarum
1131 4799 1306 4866 aduocutras
1317 4809 1403 4866 utrus
1454 4807 1800 4876 roomrssarrostaxatas,
1812 4823 1841 4866 m
1857 4801 1935 4868 bona
1947 4819 2010 4865 sor·

382 4881 420 4950 tis
434 4881 546 4949 liberae
560 4881 663 4951 decem
680 4903 854 4951 mansorum
869 4881 897 4950 ui
910 4884 956 4950 las
971 4883 1087 4953 Ketion
1100 4884 1264 4966 transtulit,
1279 4893 1402 4972 amuco
1437 4883 1611 4952 thesaurum
1626 4905 1701 4952 suaa
1716 4885 1879 4954 maiestatis
1893 4882 2010 4951 dutuc'
