4896 5926
1125 739 1399 814 -too-

1177 1087 1349 1204 CXXV.

585 1359 925 1458 cracoviae,
952 1380 1108 1446 anno
1133 1357 1281 1502 1285
1309 1359 1403 1444 atie
1429 1356 1468 1442 6
1495 1355 1696 1442 menso
1721 1355 1945 1460 abacto.

445 1520 599 1638 hecco
613 1565 685 1638 ttrx
699 1562 874 1650 memoro,
888 1562 1101 1636 tmtomirlua
1115 1566 1149 1636 at
1162 1561 1313 1652 aneon
1325 1563 1501 1640 attestatur
1511 1557 1855 1651 victumne-snm
1866 1557 2080 1654 optuma·

443 1667 552 1744 rtttu
571 1666 751 1758 Ojrzarm
772 1668 808 1738 ot
827 1667 950 1755 panon
969 1663 1529 1857 mffitabsntpgttppsspuwssb
1547 1664 1762 1738 canutum
1783 1677 1852 1736 cu
1872 1661 1949 1738 rttta
1966 1661 2078 1732 Natat

544 1991 586 2079 ln
608 1991 758 2080 nomine
780 1987 934 2094 domini,
968 2017 1089 2076 amen.
1139 1985 1200 2076 Ne
1220 1989 1418 2106 antiquitas
1439 2001 1646 2105 temporum
1667 2017 1791 2079 rerum
1812 2001 1925 2108 gesta
1944 1987 2076 2075 huma·

443 2139 576 2202 narum
612 2109 688 2227 pati
724 2123 842 2226 cogat
876 2107 1132 2225 naufragium,
1169 2106 1365 2194 obliuionis
1400 2106 1525 2194 nubilo
1560 2119 1624 2193 aut
1656 2107 1864 2224 calumpnia
1895 2105 2076 2224 scrupulo

442 2239 686 2330 nouercante,
707 2257 804 2344 opus
821 2239 889 2332 est,
911 2240 950 2312 ut
964 2255 1033 2343 per
1048 2224 1175 2342 scripti
1191 2225 1473 2328 continenciam,
1495 2223 1695 2339 perhennis
1712 2225 1888 2312 memorie
1904 2226 2077 2312 senciant

441 2359 705 2448 tutamentum,
736 2343 838 2463 quod
867 2341 1030 2462 posteris
1061 2344 1320 2460 preteritorum
1350 2345 1524 2430 noticiam
1555 2341 1731 2460 prebeat,
1762 2357 1800 2429 ct
1826 2343 2074 2430 testimonium

441 2462 610 2581 peribeat
631 2463 713 2574 (sic)
740 2462 914 2550 veritatis.
964 2458 1047 2550 Nos
1070 2464 1195 2579 itaqua
1213 2457 1354 2548 Lestco
1376 2461 1436 2579 dej
1459 2464 1591 2579 gracia
1617 2459 1706 2548 Dux
1729 2461 1946 2566 Cracowie,
1976 2460 2074 2547 San·

441 2583 595 2670 domin‘e
626 2597 663 2668 et
690 2579 869 2698 Syradia,
898 2578 1006 2666 lirma
1026 2608 1074 2668 ac
1094 2595 1275 2697 perpetua
1297 2577 1662 2667 intransmutabiliter
1692 2608 1736 2664 ea
1766 2579 1849 2666 lore
1870 2579 2073 2696 cupientes,

440 2729 514 2820 que
544 2699 639 2786 inter
667 2726 853 2816 personas
882 2695 1097 2787 amicabiles
1118 2698 1247 2805 nobis,
1278 2696 1328 2784 de
1347 2697 1538 2785 voluntate
1565 2712 1696 2785 nostra
1716 2712 1897 2818 geruntur
1917 2725 2074 2815 presen-

438 2817 592 2922 cialiter,
623 2830 661 2904 et
681 2845 891 2905 consensu:
927 2829 1054 2903 notum
1075 2845 1164 2904 esse
1185 2815 1354 2934 cupimus
1375 2816 1559 2904 uniuersis
1580 2829 1654 2903 tam
1675 2813 1929 2934 presentibus,
1959 2841 2073 2934 quam

438 2935 588 3024 luturis:
620 2933 721 3069 quod
747 2934 973 3022 venerabilis
1000 2949 1109 3052 pater
1137 2947 1174 3020 et
1194 2931 1367 3021 dominus
1395 2932 1605 3038 Wisslaus,
1636 2932 1802 3021 eiusdem
1829 2931 2074 3050 prouideucia

267 3059 280 3082 '
440 3051 689 3142 Cuiawiensrs
709 3054 923 3170 episcopus,
944 3049 1155 3141 commodis
1175 3081 1222 3142 ao
1241 3051 1455 3148 utilitatibus
1469 3051 1643 3140 Ecclesia
1660 3083 1729 3140 sue
1747 3049 2074 3142 Wladislauiensis

398 3243 404 3261 ‚
438 3169 626 3259 insudans
642 3170 809 3274 sollicite,
830 3170 915 3258 villa
934 3175 1150 3272 Orruuouo,
1171 3185 1209 3257 et
1229 3199 1275 3256 ea
1296 3186 1402 3289 parte
1417 3171 1500 3282 (sic)
1522 3169 1747 3278 hereditatis,
1770 3199 1882 3290 quam
1903 3168 2017 3257 habet
2035 3169 2073 3255 in

437 3295 640 3404 Loqeonylc
659 3289 877 3408 contiguam
898 3287 981 3376 ville
1002 3289 1051 3376 de
1075 3293 1304 3404 Choramyn,
1330 3290 1483 3378 sitarum
1505 3289 1539 3374 in
1561 3287 1727 3376 dominio
1746 3287 2007 3375 lunelacensi
2017 3282 2072 3400 (⁸),
2125 3395 2128 3402 ι

437 3405 488 3495 acl
518 3403 790 3526 Episcopatum
823 3437 931 3496 suum
962 3407 1260 3523 pertinencium,
1282 3407 1617 3494 commutacionem
1650 3407 1686 3494 in
1714 3407 1911 3524 presencia
1941 3419 2073 3496 nostra

437 3525 525 3638 lecit
553 3555 639 3612 curn
672 3524 807 3611 comite
836 3523 1041 3642 lllstygneo
1068 3524 1168 3612 lrdeli
1193 3541 1344 3633 nostro,
1374 3525 1569 3613 karissima
1599 3526 1773 3644 coniugis
1793 3539 1924 3636 nostre
1944 3553 2071 3612 came·

437 3643 559 3745 rario,
590 3671 661 3760 pro
691 3640 898 3730 hereditate
924 3649 1059 3732 Nerola
1085 3643 1156 3730 sita
1176 3643 1259 3756 (sic)
1289 3645 1326 3729 in
1348 3658 1478 3731 nostro
1507 3641 1669 3731 dominio
1697 3641 1937 3760 Syradiensi,
1968 3643 2071 3730 circa

429 3793 582 3876 paureio
603 3759 725 3854 villam
747 3759 913 3847 eiusdem
935 3759 1073 3848 domini
1093 3760 1286 3879 Episcopi,
1307 3792 1380 3879 que
1401 3791 1423 3846 a
1441 3761 1663 3880 quibusdam
1684 3770 1860 3876 Lycluouu
1876 3759 2072 3881 wlgariter

436 3891 698 3996 nunccupatur
718 3877 810 3992 (³),¹
827 3909 937 3997 quam
959 3878 1080 3966 eidem
1100 3877 1203 3998 Msty
1261 3909 1325 3990 eo,
1356 3879 1596 3968 considerata
1618 3880 1804 3998 multiplici
1825 3879 2070 3970 seruiciorum

434 4027 481 4085 ac
502 3999 716 4085 meritorum
738 4026 891 4084 suorum
912 3995 1100 4102 fidelitate,
1122 4029 1190 4117 pre
1220 4001 1291 4084 ium
1314 4003 1348 4107 [l
1366 3996 1523 4116 pridem]
1544 3997 1765 4112 contulimus
1786 4009 1970 4118 perpetuo
1991 3997 2071 4084 iure

436 4116 660 4204 hereditario
682 4113 963 4232 possidendam.
1005 4113 1065 4201 Ne
1087 4118 1199 4238 igitur
1220 4114 1302 4203 talis
1322 4146 1392 4235 pro
1413 4116 1616 4205 commodo
1636 4147 1684 4204 ac
1704 4119 1855 4206 utilitate
1876 4115 2070 4233 utriusque

539 4363 579 4448 (¹)
607 4366 654 4434 Ex
669 4365 830 4453 archetypo
844 4367 1076 4434 mambranaceo
1095 4367 1233 4434 tabularii
1248 4367 1368 4454 capituli
1386 4367 1654 4436 wladislaviensis.
1689 4364 1784 4452 Sigilli
1799 4365 1918 4454 abrupti
1932 4373 2071 4460 superept
2093 4436 2103 4451 ,

434 4453 552 4516 aarum
566 4451 697 4516 baniolo
712 4471 904 4538 pergamena,
919 4473 979 4540 qua
994 4473 1160 4540 appensum
1173 4460 1249 4521 erat.

535 4531 575 4616 [²]
611 4531 788 4611 Oaranoua,
811 4534 978 4622 Lapeunylc
1000 4537 1204 4686 intelliguntur
1223 4537 1310 4604 villae
1320 4533 1487 4638 ‘Ojrzamlw
1502 4545 1533 4604 et
1546 4535 1738 4623 lupiciani&
1751 4535 1857 4602 ambae
1872 4535 1902 4602 ln
1918 4533 2069 4623 provincia

432 4617 614 4686 Mosovicnsi
628 4619 779 4686 territorio
792 4621 936 4692 navensi,
960 4622 1082 4706 regiona

433 4723 506 4771 raro
520 4702 679 4790 parochiae
698 4701 859 4784 waafcin
874 4705 1032 4791 adscripta.
1347 4743 1352 4750 ·
1601 4771 1606 4780 ,

533 4787 573 4870 (³)
602 4786 712 4852 Narok
740 4788 769 4854 in
790 4789 890 4855 Indice
916 4789 1052 4856 villarum
1081 4790 1179 4878 Regni
1207 4790 1352 4866 Poloniae
1378 4813 1439 4858 non
1467 4789 1625 4860 insanibat.
1660 4789 1809 4858 monta
1832 4789 1902 4859 uilla
1925 4787 2068 4856 territorii

430 4871 635 4959 Syradiensis,
655 4873 784 4960 reglonls
805 4873 1042 4940 Szadlrorlcnsis.
1075 4894 1079 4906 ·

1123 4623 1289 4688 rzezinensi
1304 4631 1394 4700 sitae,
1415 4641 1544 4710 quarum
1559 4623 1608 4687 itta
1624 4621 1782 4708 parochiae
1799 4620 1974 4707 Ujszdansi,
1995 4620 2070 4686 baec
