4876 5940
1305 691 1310 700 .

1034 725 1305 808 -969-

1036 1131 1309 1252 uctxttttt.
1387 1111 1425 1122 ‘'

432 1329 434 1334 ι
572 1313 853 1470 Celerrime,
872 1341 1025 1458 ummo
1052 1369 1200 1460 1343
1218 1371 1311 1458 de‘c
1336 1369 1590 1458 Emensis
1610 1373 1771 1460 dulei.

366 1573 634 1650 castmtms
648 1573 716 1650 tex
729 1565 873 1650 torono
894 1573 1118 1668 uxoratum
1133 1575 1228 1667 dunig
1251 1575 1402 1667 lemnon
1416 1575 1573 1652 decemb
1596 1576 1714 1652 britium
1728 1577 1885 1652 toutomrt
1908 1597 1976 1673 pre-

364 1680 493 1755 ntttnt
506 1697 543 1753 se
553 1677 816 1754 omnebus·
829 1678 1012 1752 conomttm
1025 1679 1108 1751 tntu
1121 1695 1157 1752 re
1171 1677 1211 1750 rte
1223 1678 1317 1752 torris
1332 1680 1507 1775 emonensi
1518 1685 1553 1756 ot
1565 1680 1746 1755 ttobrtnonri
1759 1680 1855 1755 tnitm
1866 1699 1886 1756 a
1897 1682 1977 1758 sore

890 1775 1454 1874 mmmmm

451 1969 648 2090 ⁴Norerint
668 1973 829 2064 universi
849 1969 1046 2092 presentes
1066 1973 1193 2062 literas
1214 1974 1433 2092 inspecturi:
1464 1973 1565 2094 quod
1582 2006 1653 2065 nos
1674 1973 1894 2080 Kazimirus‚
1916 1975 1977 2064 dei

365 2093 498 2214 gracia
518 2091 605 2180 Rex
625 2089 794 2196 Polonie,
822 2090 1051 2182 Reverendo
1073 2109 1110 2182 et
1129 2091 1309 2212 religioso
1329 2095 1409 2180 viro
1431 2093 1580 2181 domino
1602 2108 1639 2180 et
1658 2095 1760 2182 tratri
1779 2091 1977 2213 Ludotpbo

369 2214 513 2333 Cuuig‚
543 2212 724 2330 magistro
756 2209 925 2330 generati
955 2211 1095 2300 ordinis
1115 2211 1224 2302 beate
1244 2211 1364 2302 biario
1386 2213 1519 2300 domus
1545 2211 1775 2301 Tbeutoniee
1794 2212 1977 2300 ierosoli-

366 2333 502 2420 mitane
521 2329 726 2449 hospitatis,
743 2344 780 2418 et
792 2329 965 2418 tratribus
982 2329 1147 2418 eiusdem
1170 2331 1323 2436 ordinis,
1344 2333 1579 2448 presentibus
1600 2331 1713 2420 literis
1735 2333 1978 2450 promittimus

366 2463 404 2538 et
424 2447 665 2568 spondemus,
679 2481 750 2536 uos
771 2451 980 2566 specialiter
1001 2449 1221 2567 obligantes
1232 2465 1281 2552 ut,
1299 2467 1495 2567 postquam
1510 2466 1726 2537 consumata
1743 2481 1826 2536 curn
1844 2449 1977 2538 eodem

366 2567 554 2689 Magistro
577 2585 611 2654 et
631 2567 803 2654 iratribus
825 2565 1040 2672 concordia,
1062 2580 1181 2655 terras
1202 2568 1368 2683 Cuyavie
1385 2584 1422 2656 et
1433 2570 1704 2656 Dubrinensem
1726 2567 1977 2673 babuerimus,

290 2731 293 2736 ·
367 2718 415 2778 ac
435 2688 615 2790 civitates,
637 2701 801 2773 castrum
823 2700 859 2772 et
879 2683 1069 2789 fortalicia,
1092 2687 1127 2770 in
1149 2684 1288 2772 eisdem
1312 2687 1418 2774 terris
1435 2687 1694 2792 consistencia,
1716 2687 1825 2804 piene
1842 2717 1977 2804 posse·
2115 2734 2118 2744 v

368 2805 549 2904 derimus‚
579 2819 617 2891 et
646 2806 680 2891 in
702 2835 831 2892 eorum
853 2803 963 2922 piena
994 2819 1035 2910 et
1052 2803 1211 2922 pacifica
1239 2806 1483 2922 possessione
1505 2805 1698 2906 fuerimus,
1727 2818 1862 2891 extunc
1884 2805 1977 2891 inira

369 2923 526 3016 triduum
547 2926 704 3012 nuncios
725 2937 876 3010 nostros
897 2953 980 3009 cum
1001 2924 1139 3011 nostris
1160 2923 1283 3030 literis
1306 2954 1375 3042 pro
1390 2922 1550 3040 petenda
1573 2922 1864 3011 confirmacione
1885 2953 1977 3010 coo-

369 3044 500 3134 cordie
519 3045 613 3130 inter
633 3073 705 3130 nos
725 3057 761 3130 et
782 3043 1005 3161 Magistrum
1024 3071 1072 3130 ac
1092 3043 1227 3130 iratres
1247 3042 1446 3160 predictos,
1467 3043 1670 3162 inspirante
1689 3043 1857 3145 domino,
1879 3042 1978 3130 cete-

369 3164 485 3266 brate,
506 3161 554 3248 ad
577 3161 788 3249 Romanum
811 3159 958 3248 Curiam
980 3163 1192 3248 curabimus
1214 3161 1421 3268 destinare,
1444 3179 1480 3248 et
1500 3191 1523 3247 a
1545 3162 1695 3248 domino
1717 3178 1846 3247 nostro
1869 3161 1976 3278 Papa

369 3297 499 3402 petere
528 3297 564 3370 et
590 3283 777 3400 inpetrare
806 3280 1132 3368 confirmacionem
1165 3281 1376 3368 huiusmodi
1411 3278 1646 3388 concordie,¹
1673 3280 1761 3366 doto
1792 3293 1828 3365 et
1847 3279 1979 3368 fraude

370 3399 628 3507 cessantibus‚'
655 3429 701 3486 oc
722 3387 804 3486 eam
826 3399 962 3488 nostris
993 3399 1169 3518 expensis
1197 3413 1233 3486 et
1254 3399 1459 3520 sumptibus
1481 3399 1678 3516 expedire;
1710 3429 1783 3520 qua
1806 3399 1980 3516 expedita
2082 3505 2090 3520 Ι

371 3535 407 3608 et
428 3534 641 3638 presentata
671 3519 905 3637 procuratori
926 3519 1093 3638 magistri
1115 3533 1152 3606 et
1170 3519 1322 3606 fratrum
1343 3517 1594 3636 predictorum
1615 3521 1651 3605 in
1668 3519 1777 3606 Curia
1792 3517 1979 3607 Romana:

371 3652 568 3756 postquam
599 3636 646 3724 de
668 3636 910 3756 expedicione
938 3649 974 3725 et
994 3639 1277 3755 presentadione
1298 3638 1433 3756 ipsius,
1455 3635 1643 3757 Magistro
1665 3639 1733 3756 ipsi
1755 3639 1789 3724 in
1813 3637 1980 3754 partibus

370 3755 477 3844 inerit
497 3757 594 3844 iacta
615 3755 730 3844 fides:
759 3755 945 3873 Magister
966 3757 1048 3874 ipse
1068 3757 1250 3844 tenebitur
1271 3758 1378 3844 nobis
1409 3755 1502 3846 dare
1524 3771 1559 3842 et
1587 3758 1736 3846 tradere
1763 3757 1857 3844 inira
1878 3757 1981 3875 quin·

369 3873 504 3966 denam
535 3873 665 3964 decem
695 3876 790 3964 milia
811 3877 1036 3965 florenorum
1057 3875 1148 3966 boui
1166 3877 1247 3972 auri
1268 3875 1316 3964 de
1344 3877 1376 3963 F
1380 3876 1554 3981 lorencia‚
1575 3877 1672 3963 iuxta
1702 3874 1981 3962 ordinacionem

370 3993 508 4083 domiui
535 3993 731 4082 Benedicti
761 3995 868 4084 beate
898 3995 1076 4083 memorie
1105 3993 1211 4114 Pape
1231 3993 1322 4099 ΧΠ,
1353 4009 1390 4080 et
1409 3995 1698 4082 ratiticaeiooem
1729 3992 1981 4080 ordinacionis

370 4110 535 4202 eiusdem
572 4115 794 4202 sanctissimi
823 4115 942 4250 patris
977 4113 1093 4202 nostri
1129 4111 1264 4200 domini
1296 4113 1496 4200 Clementis
1524 4113 1631 4230 Pape
1651 4111 1716 4218 Vl,
1748 4127 1785 4198 ut
1811 4112 1846 4199 in
1867 4111 1982 4200 literis

370 4233 537 4351 ipsorum
566 4227 711 4346 pienius
730 4245 950 4318 continetur.
990 4231 1030 4317 Si
1051 4257 1143 4318 vero
1165 4231 1319 4318 eosdem
1342 4231 1498 4342 nupeios
1519 4245 1671 4316 nostros
1693 4232 1893 4350 contigerit
1912 4228 1979 4316 bu-

373 4349 531 4440 iusmodi
554 4349 678 4438 literas
698 4349 939 4468 Apostolicas
960 4349 1259 4436 confirmatorias
1289 4349 1493 4436 concordie
1512 4347 1697 4469 prelibate·
1720 4349 1886 4438 obtinere
1907 4377 1982 4442 nou

371 4500 504 4589 posse,
536 4463 637 4587 quod
657 4465 775 4572 absit,
791 4479 859 4556 ‘aut
878 4467 912 4556 si
932 4463 1041 4588 ijdem
1057 4467 1184 4588 'nuncij
1208 4469 1324 4556 nostri
1342 4469 1382 4556 in
1401 4462 1629 4586 mpetraudis
1650 4467 1763 4555 literis
1786 4466 1979 4590 negligen-

473 4789 515 4874 (t)
556 4795 599 4857 Ex
613 4787 772 4875 archetypo
781 4785 1010 4856 neutbmnnceo
1024 4786 1179 4872 cupxsdum
1194 4788 1299 4876 privati
1314 4783 1553 4876 tabulariipuod
1563 4775 1659 4855 exstet
1673 4735 1820 4876 musmo
1831 4789 1980 4858 Geitieiae.

371 4873 466 4960 Sigilli
491 4873 608 4961 abrupti
623 4882 760 4960 superest
774 4872 903 4940 meniote
920 4894 1109 4960 pergameno.
