4876 5940
1106 721 1373 797 -ldl-

425 917 610 1047 Bydport,
641 927 833 1046 cupientes
860 925 1080 1042 calumpniis
1106 925 1202 1011 viam
1229 923 1445 1025 obstruere,
1476 937 1514 1011 et
1534 923 1757 1043 quibuslibet
1782 924 2058 1045 litigacionibus
2151 1031 2157 1046 .

362 1107 365 1118 ι
425 1051 616 1138 materiam
637 1049 880 1151 submovere,
908 1042 959 1130 ad
979 1044 1200 1161 peticionem
1226 1041 1509 1161 Religiosorum
1529 1043 1694 1130 virorum
1716 1057 1753 1130 et
1773 1046 1883 1132 nobis
1903 1043 2059 1135 dilecto·

287 1247 291 1261 .
425 1197 523 1270 rum,
546 1165 715 1254 Be'rtoldi
737 1162 897 1250 Abbatis
918 1175 957 1247 et
976 1179 1183 1249 conventus
1204 1161 1253 1246 de
1267 1168 1454 1274 Byesom’o
1475 1160 1615 1249 ordinis
1637 1161 1925 1278 Cysterciensis,
1948 1162 2058 1250 Wla·

283 1378 288 1388 ,
425 1284 663 1375 dislaviensis
683 1281 871 1400 dyocesis,
892 1278 1017 1398 gades
1037 1293 1075 1367 et
1098 1281 1278 1367 terminos
1298 1277 1493 1396 cujusdam
1511 1279 1624 1368 sortis
1636 1281 1720 1368 sive
1736 1279 1963 1387 hereditatis,
1984 1311 2059 1400 que

283 1410 287 1419 '
425 1410 596 1494 &iniere
614 1401 810 1517 wlgariter
830 1398 981 1494 dicitur,
1013 1397 1120 1484 etad
1141 1399 1263 1504 bona,
1296 1429 1369 1516 que
1393 1403 1531 1485 Vitetno
1552 1413 1824 1515 nuncupantur,
1854 1399 2060 1518 antiquitus

424 1521 652 1642 pertinebat,
681 1522 717 1606 in
736 1519 975 1636 presentibus
996 1515 1168 1602 duximus
1189 1514 1468 1633 exprimendum
1498 1545 1582 1603 cum
1610 1516 1644 1601 io
1667 1515 1747 1604 aliis
1767 1517 1907 1604 nostris
1927 1517 2058 1607 litteris

425 1669 541 1760 supra
559 1640 642 1752 (sic)
662 1651 857 1726 contractu
879 1619 1062 1722 conlectis
1083 1633 1182 1721 dicte
1204 1636 1317 1723 sortis
1338 1663 1407 1721 seu
1428 1633 1643 1722 hereditatis
1666 1634 1797 1751 prelati
1819 1635 1960 1722 termini
1981 1665 2058 1726 non

425 1773 511 1848 aunt
532 1757 735 1875 sexpressi.
767 1755 862 1840 Sunt
881 1767 1003 1840 autem
1026 1753 1096 1840 iste
1111 1751 1247 1872 gades,
1270 1780 1366 1872 quas
1383 1750 1614 1868 perfidelem
1631 1766 1798 1840 nostrum
1814 1751 2058 1840 Bartbosium

419 1875 586 1996 judicem
618 1891 718 1962 terre
744 1887 873 1960 nostre
900 1870 1159 1958 mandavimus
1185 1870 1380 1987 distingui:
1410 1870 1643 1959 venditorum
1666 1869 1923 1958 nichilominus
1943 1899 2056 1959 aoce-

425 1993 539 2082 dentc
559 2021 769 2080 consensu:
800 1989 930 2077 Primo
950 1988 1161 2105 incipiendo
1183 2018 1208 2074 o
1227 1989 1328 2076 finali
1350 2002 1459 2094 meta,
1481 2019 1554 2106 que
1575 1987 1702 2076 dividit
1723 1989 1818 2076 inter
1840 1993 2058 2102 Goecprazc

426 2125 465 2199 et
487 2119 784 2224 Dompbroocom
804 2122 841 2194 et
860 2113 998 2194 Vitetoo
1019 2121 1057 2194 et
1076 2111 1262 2210 Soimcze,
1285 2107 1427 2194 directe
1448 2104 1638 2225 usquead
1660 2105 1845 2223 paludem,
1866 2135 1940 2224 que
1953 2109 2058 2226 jacet

427 2229 530 2315 circa
556 2229 745 2342 antiquum
775 2229 964 2325 Scipione,
994 2240 1032 2312 et
1056 2223 1105 2312 ab
1133 2224 1265 2312 eadem
1294 2224 1431 2344 palude
1459 2223 1601 2312 directe
1630 2223 1820 2344 usquead
1840 2227 1956 2329 viam,
1980 2253 2060 2344 qua

427 2345 529 2432 vadit
557 2344 606 2432 de
631 2351 769 2432 Viteloo
799 2344 834 2431 in
863 2342 1113 2458 Byssoviam,
1145 2373 1218 2459 que
1248 2345 1309 2430 via
1340 2341 1471 2434 dividit
1496 2343 1589 2429 inter
1621 2347 1793 2456 Gopotyo
1820 2357 1857 2431 et
1884 2347 2058 2430 Suinicze

427 2493 550 2582 usque
576 2461 626 2549 ad
648 2465 765 2565 viam,
794 2485 869 2573 que
889 2459 991 2548 vadit
1011 2461 1059 2548 de
1078 2465 1250 2548 Sm'm‘cze
1270 2491 1405 2549 versus
1425 2465 1628 2562 Nesrmcm,
1659 2463 1846 2578 perviam
1867 2466 2057 2574 Bpreoole,

426 2596 463 2669 et
493 2580 542 2666 ab
572 2579 704 2668 eadem
735 2582 794 2666 via
823 2578 964 2666 directe
993 2609 1115 2698 usque
1136 2577 1185 2665 ad
1206 2578 1359 2682 collem,
1390 2579 1451 2696 qui
1480 2577 1612 2666 dicitur
1641 2579 1838 2698 wlgariter
1865 2583 2058 2664 Broosovo

423 2729 540 2812 porc,
573 2699 636 2817 qui
658 2699 775 2785 eciam
798 2695 924 2784 dividit
951 2697 1046 2785 inter
1075 2702 1249 2811 Gopolyo
1279 2713 1316 2785 et
1344 2703 1536 2799 Smin'czc,
1568 2711 1605 2784 et
1624 2697 1673 2784 ab
1695 2699 1778 2816 ipso
1799 2695 1894 2784 colle
1915 2695 2058 2784 ditteolc

425 2815 624 2936 usquead
652 2814 839 2935 quandam
860 2815 1019 2920 lossam,
1048 2845 1121 2933 que
1149 2815 1343 2934 wlgariter
1370 2814 1502 2902 dicitur
1529 2821 1830 2928 Tyrecenoidol,
1858 2845 1929 2935 que
1949 2815 2058 2902 lossa

425 2933 548 3022 linalis
577 2949 675 3020 meta
706 2947 765 3021 est
787 2935 887 3020 inter
918 2936 1090 3046 Gopotyo
1120 2949 1156 3020 et
1185 2937 1323 3020 Sedtoo
1353 2947 1390 3022 et
1419 2937 1608 3037 Sotieicze,
1642 2947 1681 3020 et
1709 2934 1757 3022 ab
1787 2932 1921 3020 eadem
1949 2932 2057 3019 losse

426 3051 568 3140 directe
588 3081 710 3172 usque
731 3050 781 3138 ad
803 3065 937 3137 metam
958 3049 1106 3138 linalem
1128 3051 1223 3136 inter
1243 3057 1482 3138 Wcososocm
1501 3063 1539 3138 et
1558 3059 1858 3166 Dompbrooccm
1879 3065 1915 3138 el
1934 3054 2058 3138 mett·

427 3203 509 3272 oze,
533 3202 653 3289 usque
674 3168 723 3258 ad
745 3184 890 3273 metam,
918 3167 979 3257 ubi
1002 3171 1121 3286 primo
1145 3169 1355 3256 inchoatum
1377 3183 1450 3275 est,
1481 3199 1555 3288 que
1576 3169 1703 3258 dividit
1723 3172 1817 3258 inter
1840 3173 2057 3284 Goecyrccz

427 3303 465 3376 cl
498 3295 799 3401 Dcmplrouccm
831 3301 868 3374 et
897 3291 1033 3374 Vr'telno
1066 3303 1102 3376 et
1132 3291 1305 3374 Soriricze
1331 3285 1396 3398 (ὓ).
1454 3285 1647 3401 Quidquid
1683 3291 1796 3407 igitur
1831 3290 1926 3375 intra
1962 3287 2056 3374 istos

427 3407 606 3494 terminos
627 3407 851 3509 continetur,
879 3403 927 3492 ad
955 3405 1162 3522 predictam
1190 3421 1330 3494 sortem
1356 3435 1424 3494 seu
1452 3403 1713 3510 hereditatem,
1742 3405 1916 3494 videlicet
1935 3409 2057 3492 Scim'-
2140 3408 2143 3414 “

427 3555 493 3610 cce
513 3525 672 3640 pertinet
692 3553 737 3608 ex
759 3523 927 3632 antiquo,
955 3523 1055 3636 quod
1077 3525 1197 3612 abbas
1218 3535 1256 3608 et
1276 3539 1484 3614 conventus
1505 3526 1698 3611 memorati
1719 3523 1949 3626 monasterii,
1970 3523 2057 3640 jure

427 3655 631 3760 perpetuo,
662 3639 765 3755 justo
797 3642 1001 3769 empcionis
1032 3643 1167 3756 tytulo,
1199 3640 1455 3758 possidebunt.
1508 3641 1593 3728 Has
1624 3657 1746 3728 autem
1777 3641 1918 3728 litteras
1949 3637 2057 3726 dictis

426 3759 566 3846 Abbati
587 3773 623 3844 et
639 3757 859 3861 Conventui,
882 3757 931 3843 de
951 3771 1055 3844 certa
1076 3773 1205 3846 nostra
1224 3757 1388 3845 sciencia
1409 3757 1491 3844 dari
1511 3757 1779 3864 mandavimus,
1800 3757 2057 3878 approbantes

426 4089 970 4244 1ΞιιιιῗέμιιτὶἐιοΙῐὲξιέιιιοειιΙιίἰιοηεὶιιιῑιιιιι
985 4091 1103 4178 insigne
1124 4090 1311 4180 Gttittieosia
1328 4090 1497 4180 provinciae
1511 4113 1676 4182 appensum
1692 4101 1738 4162 est
1752 4093 1808 4158 filis
1823 4091 1925 4160 sericis
1940 4089 2010 4157 tutvi
2024 4095 2055 4156 et

612 4199 644 4240 ι.

472 4197 502 4290 .⁰
529 4257 571 4342 (²)
592 4259 734 4326 Limitnm
749 4257 915 4344 designatio
924 4255 973 4325 bic
984 4279 1125 4346 expressa
1137 4260 1237 4346 explet
1246 4247 1490 4347 quoddammodo
1501 4281 1578 4348 eam,
1593 4281 1671 4348 quae
1683 4261 1721 4327 ad
1732 4253 1846 4327 annum
1861 4259 1942 4326 tatto
1952 4257 2054 4324 tabula

428 4341 518 4410 CLX
533 4363 561 4428 p.
581 4345 640 4409 138
655 4344 784 4409 exhibita
799 4352 853 4409 cst.
889 4344 984 4410 Villae
1003 4365 1082 4430 pago
1104 4345 1269 4434 Bpozeoe'ce
1288 4344 1456 4429 adjacentes
1476 4353 1546 4410 suot
1565 4345 1612 4410 hic
1634 4347 1864 4411 accuratissime*
1877 4341 2054 4426 descriptae·

427 4427 561 4500 enodem,
617 4447 654 4494 ae
669 4429 699 4495 in
712 4429 771 4494 tub.
785 4429 886 4504 CLX„
899 4439 1060 4495 occurrunt
1073 4429 1122 4496 hic
1135 4429 1222 4496 villae
1246 4429 1359 4495 Wteloo
1373 4438 1404 4494 et
1422 4425 1560 4514 caputet
1593 4425 1777 4496 Gorcioadz
1791 4429 1859 4496 vitto
1873 4450 1936 4494 non
1950 4425 2054 4516 procel

427 4509 542 4578 abesto
595 4512 680 4578 otto.
710 4513 888 4594 chrdwlcc
901 4512 989 4580 bodio
1004 4514 1073 4579 villa
1088 4513 1266 4596 prrceulcc
1275 4513 1375 4582 Noua
1391 4515 1466 4595 [Nou
1482 4513 1709 4594 Dombrowlral,
1719 4513 1866 4580 Neermco
1881 4514 1946 4577 sine
1960 4509 2052 4576 dubio

428 4593 497 4660 villa
518 4593 707 4674 chmetu,
729 4597 774 4661 vel
795 4597 921 4674 bimos,
944 4595 1070 4662 Numez
1091 4599 1121 4662 in
1137 4619 1191 4684 pro
1213 4599 1305 4684 inquo
1322 4599 1460 4684 superius
1474 4597 1660 4664 laudatarum
1674 4597 1811 4664 villarum
1826 4598 1916 4674 sitne,
1940 4593 2053 4662 Sedlrto

426 4677 693 4780 (Saltooluibidem²
717 4681 885 4777 ll'muomc
898 4691 944 4780 est
964 4683 1144 4780 chzoepoo,
1166 4619 1267 4760 villae,
1289 4703 1368 4769 quae
1383 4701 1445 4760 non,
1458 4682 1547 4780 longe
1562 4702 1579 4746 e
1595 4681 1661 4746 villa
1676 4680 1806 4780 Gpgolin
1821 4681 1933 4779 distant
1946 4697 2052 4777 omnes

425 4769 578 4918 papprtpbrpps
584 4771 615 4912 opt
628 4765 1002 4915 regrompuplppgostrenein
1039 4767 1116 4832 vitto
1131 4763 1272 4832 Melcte
1286 4787 1341 4832 nec
1358 4767 1390 4832 io
1402 4765 1510 4832 tebulrr
1524 4765 1730 4852 geographico
1744 4772 1886 4842 occurret,
1908 4783 2007 4852 nequo
2022 4783 2053 4826 m

443 4869 521 4916 eru
602 4867 726 4916 ecorum
801 4858 895 4916 rata
