4896 5926
1119 975 1360 1091 oliuu.
1443 941 1448 948 ’

322 1307 327 1315 -
428 1251 522 1348 ‚lo
547 1245 761 1350 copton
781 1243 1018 1344 ⁴monte,
1044 1263 1200 1330 anno
1225 1243 1372 1332 1261
1398 1215 1492 1330 etto
1518 1239 1597 1332 24
1621 1243 1821 1356 menois
1847 1245 2027 1338 doner.

424 1446 722 1523 men-vrum
742 1447 813 1519 nu
832 1445 991 1518 loono
1013 1446 1047 1518 u
1068 1403 1224 1518 emeno
1239 1445 1440 1519 canutum
1453 1445 1549 1518 uuae
1563 1447 1705 1512 roano
1719 1461 1740 1518 ι
1753 1443 1899 1536 nonen
1912 1445 2054 1520 rmum

678 1545 868 1621 tucietcui
881 1545 1035 1620 ccclesiae
1049 1545 1302 1620 Wtutisleuteust
1315 1547 1433 1622 bobun
1447 1547 1550 1621 rotun
1563 1545 1739 1638 assolebat
1753 1549 1804 1634 (¹).

523 1771 568 1860 ln
588 1769 738 1858 nomine
758 1767 876 1886 patris
897 1782 933 1856 et
952 1765 1013 1853 lrlii
1037 1782 1075 1855 et
1094 1767 1246 1885 spiritus
1266 1771 1396 1872 sancti,
1416 1799 1538 1856 amen.
1585 1765 1645 1855 Ne
1665 1783 1776 1886 gesta
1797 1768 1957 1884 publica.
1979 1790 2053 1889 que

422 1901 605 2012 perpetuo
632 1886 879 2006 disponuntur
906 1913 1174 2002 permansura,
1203 1916 1388 2004 processu
1410 1887 1588 2004 temporie
1609 1903 1858 1992 evanescant,
1887 1887 2053 1994 litteralis

422 2005 654 2128 prodicionis
684 2001 866 2094 caucione
893 2003 1102 2120 'sapientum
1131 2007 1326 2136 sagacitas
1350 2005 1494 2094 curavit
1514 2001 1672 2122 provide
1693 2033 1909 2122 precavere.
1960 2003 2054 2092 lnde

424 2142 503 2233 est,
533 2121 637 2243 quod
665 2153 737 2212 nus
765 2121 981 2208 Semovitus
1007 2121 1067 2208 dei
1093 2149 1225 2240 gracia
1253 2121 1331 2208 dux
1360 2121 1536 2210 blazovie
1565 2136 1602 2213 et
1633 2121 1824 2209 Cirnensis
1851 2123 2052 2240 provincie,

422 2241 608 2332 universis
636 2255 712 2328 tam
740 2239 977 2373 presentibus
1004 2267 1117 2358 quam
1143 2239 1273 2327 luturis
1302 2240 1441 2329 Christi
1472 2238 1643 2328 fidelibus
1668 2239 1898 2328 insinuanter
1924 2239 2051 2330 da'cla·

424 2389 571 2447 ramus:
622 2356 739 2470 Quod
774 2356 824 2442 ad
860 2358 1081 2474 peticionem
1116 2357 1339 2446 venerabilis
1374 2361 1490 2476 patris
1525 2358 1661 2459 nostri,
1699 2354 1837 2444 domini
1872 2357 2052 2446 Volemiri

422 2476 604 2598 Episcopi
621 2473 950 2563 Wladizlaviensis
971 2474 1144 2580 ecclesie,
1164 2473 1414 2563 donacionem
1434 2489 1555 2562 ratam
1575 2474 1767 2578 habemus,
1788 2505 1899 2592 quam
1921 2507 2052 2564 comes

421 2595 607 2714 Bogussa
637 2589 831 2680 Palatinus
857 2597 1031 2680 Loucicie
1047 2588 1121 2705 (²),
1150 2590 1201 2680 ad
1228 2593 1411 2682 bonorem
1439 2593 1520 2700 dei,
1550 2607 1587 2680 et
1613 2619 1767 2692 suorum
1794 2595 2050 2710 peccaminum
2144 2669 2147 2674 .

422 2713 698 2802 remissionem:
729 2739 813 2798 uum
838 2709 874 2796 in
896 2711 1071 2797 extremis
1092 2707 1225 2796 diebus
1246 2713 1320 2799 vite
1340 2735 1409 2800 sue
1429 2711 1637 2798 laboraret:
1670 2709 1822 2798 contulit
1842 2709 2049 2796 Wladizla·
2147 2802 2150 2817 ⁸

422 2831 543 2918 viensi
572 2827 734 2916 ecclesie
762 2825 1006 2934 Katbedrali;
1035 2826 1211 2914 videlicet
1247 2830 1371 2917 villam
1399 2831 1617 2917 existentem
1648 2828 1683 2914 in
1714 2827 1877 2916 dominio
1909 2843 2049 2932 nostro,

421 2979 495 3066 que
515 2951 678 3034 Paetino
694 2941 749 3056 (³)
779 2944 974 3062 vulgariter
993 2942 1222 3062 appellatur,
1257 2973 1342 3032 cum
1371 2945 1542 3034 omnibus
1573 2945 1783 3032 utilitatibus
1812 2945 1862 3034 ad
1893 2943 2050 3033 eandem

421 3065 547 3151 uillam
568 3060 858 3200 pertinentibus,
886 3061 966 3148 iura
994 3059 1219 3150 hereditario
1247 3061 1529 3180 possidendam.
1580 3063 1632 3150 Ut
1652 3076 1774 3150 autem
1797 3063 1868 3150 hec
1888 3061 2051 3151 donacio

419 3180 577 3300 predicti
612 3180 756 3268 comitis
791 3183 875 3266 ra'ta
909 3191 1149 3296 permaneat,
1189 3194 1228 3267 et
1260 3180 1404 3270 stabilis
1438 3195 1659 3298 perseveret
1692 3179 1854 3268 ecclesie
1889 3182 2049 3298 pretate,

448 3313 635 3388 rosentem
651 3297 830 3416 paginam
850 3297 888 3382 in
903 3297 1150 3383 testimonium
1171 3293 1316 3403 damus
1337 3301 1458 3386 nostri
1475 3298 1505 3385 si
1538 3297 1586 3385 illi
1606 3299 1803 3385 munimine
1822 3299 2050 3386 roboratam.

420 3329 664 3505 llestantibus
691 3413 863 3500 militibus
889 3427 926 3500 et
946 3413 1151 3532 capellanis
1178 3417 1280 3504 curie
1307 3431 1453 3534 nosue:
1483 3328 1647 3504 llartino
1675 3413 1886 3504 tezaurario'
1907 3433 2049 3518 nostro,

420 3533 623 3623 Strachota
644 3531 937 3636 subcamerario,
963 3531 1107 3620 Blasco
1128 3533 1210 3646 (sic)
1232 3533 1489 3654 subagazcne‚
1516 3533 1680 3621 lllartino
1701 3533 1953 3652 subpincerna
1973 3531 2049 3620 lilio

420 3651 517 3755 Viti,
548 3649 724 3736 Gerardo
751 3649 1011 3767 subdapilero,
1040 3649 1226 3738 Bartoldo
1254 3651 1330 3740 filio
1360 3649 1577 3759 lllichatlis,
1606 3650 1754 3738 lacobo
1775 3650 1850 3738 lilio
1879 3650 2049 3754 Goturdi,

421 3769 574 3858 domino
594 3766 783 3856 Balduino
803 3767 995 3884 preposito
1015 3767 1176 3854 ecclesie
1197 3771 1317 3856 saneti
1336 3768 1544 3872 Michaelis,
1566 3767 1717 3857 domino
1737 3767 1912 3856 debanna
1925 3767 2049 3872 Rara,

350 3937 353 3946 2
421 3887 574 3977 domino
603 3885 789 3972 Procesio
812 3886 894 3996 (sic)
924 3898 962 3971 et
988 3883 1139 3970 domino
1169 3883 1346 3992 Andree,
1376 3888 1568 3974 canonicis
1598 3885 1647 3972 de
1676 3893 1785 3973 Blon.
1835 3886 1934 3974 Acta
1963 3901 2049 3975 sunt

419 4005 491 4094 bec
525 4033 626 4092 anno
661 4004 793 4122 gracie
828 4003 1022 4090 millesimo
1059 4000 1142 4088 CC⁰
1172 4005 1415 4122 sexagesimo
1445 4007 1574 4120 primo.
1629 4001 1768 4092 Datum
1804 4005 1839 4089 in
1871 4011 1968 4091 Bion
1988 4001 2047 4116 (⁴)

322 4217 330 4231 ⁸
421 4139 558 4218 octauo
581 4119 778 4210 Kalendas
798 4119 884 4206 lulii
905 4122 940 4205 in
961 4119 1022 4206 die
1042 4121 1162 4208 sancti
1181 4119 1365 4207 lobannis
1386 4121 1569 4239 Baptista.
1640 4141 1646 4148 ’

521 4370 559 4518 (2
587 4371 633 4436 Ex
649 4369 808 4466 archetypo
823 4367 1072 4446 membranaceo,
1094 4369 1175 4455 quod
1191 4369 1220 4434 in
1236 4369 1384 4436 tabulario
1398 4371 1528 4459 quodam
1543 4370 1657 4457 priuato
1672 4371 1703 4435 in
1718 4369 1861 4437 Galliciae
1876 4370 1937 4437 oris
1952 4389 2047 4436 asser·

420 4461 520 4530 uultu,
554 4454 690 4540 escripsit
703 4453 890 4518 decessimus
904 4453 1076 4520 Slawirtslri.
1111 4455 1247 4538 Sigillum
1262 4454 1355 4521 deest

520 4535 559 4620 (²)
587 4537 653 4602 Vox
675 4531 839 4601 Lmetdae
859 4537 889 4601 tn
912 4535 1071 4623 archetypo
1092 4547 1224 4602 correcta
1246 4545 1380 4626 apparet.
1416 4543 1527 4616 Autem
1548 4545 1583 4604 ut
1598 4537 1699 4630 ridere
1713 4535 1797 4617 licet,
1819 4538 1962 4625 seriptum
1983 4543 2047 4603 erat

424 4619 583 4710 Crojcolce3
605 4621 750 4687 correctio
765 4629 865 4687 umen
876 4621 1014 4708 aequalis
1029 4641 1095 4686 esse
1109 4622 1235 4686 uidctrrr.

521 4707 548 4790 (ι
591 4703 669 4770 Villa
683 4705 825 4770 Perusino
839 4703 980 4771 territorii
995 4705 1211 4772 Versaviansis.

522 4793 547 4876 (1
591 4787 707 4858 Blacie
720 4789 862 4877 oppidum
877 4789 1019 4856 tenitnrii
1033 4797 1064 4855 et
1076 4809 1140 4875 reg.
1155 4788 1369 4856 Vmsariansin
