4926 5940
1048 693 1323 826 ..nan-

364 949 588 1051 nunccietis,
609 963 648 1037 et
668 946 921 1038 deutucciare
940 949 1083 1038 faciatis
1113 949 1272 1071 singulis
1293 948 1430 1038 diebus
1449 947 1645 1042 dominicis
1667 965 1703 1040 et
1723 953 1877 1062 lestinis,
1899 955 1992 1069 inhi-

363 1069 498 1158 bentes
516 1067 728 1156 districcius
746 1069 921 1166 omnihus
945 1083 983 1156 et
1001 1070 1159 1189 singulis
1180 1070 1317 1158 Christi
1337 1069 1530 1177 fidelihus,
1559 1071 1828 1184 cuiuscumque
1856 1087 1994 1184 status,
2080 1151 2081 1162 ,

334 1187 338 1196 ’
363 1185 594 1276 condicionis
615 1203 652 1275 et
671 1187 878 1275 eminencie
898 1187 1047 1292 luerint,
1078 1219 1126 1274 ne
1147 1219 1232 1276 cum
1253 1187 1354 1276 dioto
1375 1185 1534 1276 Nicolao
1556 1191 1628 1296 sic,
1650 1204 1690 1277 ot
1709 1193 1903 1308 prefertur,
1925 1222 1988 1282 ex·
2055 1199 2067 1283 ,¹

365 1306 658 1408 communicato,
689 1306 726 1392 in
765 1304 870 1408 cibo,
902 1318 1010 1422 putu,
1047 1305 1267 1410 locucioue,
1308 1306 1465 1412 balneo,
1501 1309 1599 1428 ignis
1632 1333 1731 1420 aque
1760 1309 1993 1426 hospiciique
2048 1300 2062 1341 ³

361 1423 631 1540 concessione,
650 1423 727 1529 via,
742 1421 905 1540 judicio,
926 1425 1031 1530 loro,
1052 1423 1284 1529 molendino,
1306 1437 1344 1511 ct
1363 1426 1501 1540 quouis
1519 1425 1593 1514 alio
1614 1441 1700 1513 actu
1721 1427 1901 1545 legittimo
1923 1459 1991 1516 au·

362 1540 474 1630 deant
495 1543 731 1659 participare
781 1537 956 1654 Alioquin
977 1556 1108 1630 contro
1130 1543 1185 1630 sic
1206 1541 1491 1661 participantes
1522 1557 1650 1663 preter
1670 1547 1901 1634 sentenciam
1923 1537 2016 1636 ex?

362 1660 716 1748 communicaeionis
737 1659 900 1764 minoris,
920 1665 1033 1771 quam
1049 1662 1243 1749 incurrunt
1263 1663 1335 1748 isto
1356 1663 1477 1768 laeto,
1508 1676 1688 1776 quantum
1709 1661 1860 1780 dejure
1880 1667 1991 1754 luerit

361 1775 591 1882 iaciendum,
613 1777 728 1864 dante
748 1776 900 1865 domino
920 1779 1112 1867 iaciemus.
1153 1779 1342 1868 lllooeatis
1362 1780 1515 1897 insuper
1534 1783 1718 1899 prelatum
1740 1782 1902 1870 nobilem
1923 1781 1991 1872 Ni·

361 1895 508 1983 colaum
530 1925 579 1980 ex
599 1894 1021 2012 superhabundanti‚-ut
1040 1899 1135 1986 inlr'a
1156 1928 1226 1984 sex
1247 1897 1392 1986 dierum
1411 1899 1592 2017 spacium,
1618 1925 1777 2011 quorum
1798 1899 1896 1988 duos
1918 1930 1989 2020 pro
2030 1897 2033 1904 ’

228 2017 233 2024 ’
360 2013 491 2130 primo,
512 2011 610 2099 duos
632 2042 701 2129 pm
721 2013 902 2116 secundo,
924 2015 1089 2128 reliquos
1109 2045 1202 2105 vero
1224 2015 1322 2104 duos
1344 2015 1425 2104 dies
1447 2047 1517 2133 pro
1538 2019 1656 2106 tercio
1677 2031 1718 2108 et
1734 2017 1998 2136 peremptorio·

284 2135 291 2140 ’
360 2130 517 2218 termino
538 2131 608 2217 sibi
629 2131 848 2252 prehgimus
869 2137 907 2220 et
926 2135 1185 2252 assignamus,
1216 2163 1241 2220 a
1261 2136 1455 2252 premissis
1476 2135 1803 2254 oppressionibus,
1836 2137 1996 2254 iniurijs,

360 2262 397 2336 et
416 2249 656 2364 pecuniarum
686 2250 952 2338 exaccionibus
986 2251 1194 2356 desistens,
1225 2267 1262 2338 et
1282 2283 1352 2369 pro
1373 2254 1547 2342 comissis
1568 2255 1640 2342 iam
1662 2253 1712 2340 de
1731 2255 1852 2358 lacto,
1882 2253 1990 2344 etde

362 2365 497 2479 quibus
531 2395 661 2453 eoram
695 2367 805 2454 nobis
829 2370 970 2453 'contra
1006 2367 1386 2456 eundem-Nicolaum
1413 2387 1472 2456 est
1494 2372 1745 2486 propositum,
1768 2373 1928 2474 merito,
1950 2387 1992 2462 ut

359 2483 589 2602 premittitur,
610 2498 668 2570 est
686 2498 898 2602 suspectus,
918 2485 1124 2572 satisfaciat
1145 2484 1266 2572 eidem
1287 2485 1439 2573 domino
1459 2485 1654 2605 Episcopo
1676 2517 1761 2574 cum
1782 2490 1928 2593 ellectu,
1949 2505 1989 2576 et
2101 2549 2104 2556 .

358 2600 452 2690 alias
488 2600 729 2687 amicabiliter
763 2615 967 2720 componat
1001 2598 1086 2689 cum
1108 2602 1260 2708 eodem,
1297 2604 1526 2716 anobisque
1554 2603 1702 2692 absolui
1723 2635 1766 2690 se
1788 2619 1987 2721 procuret:

358 2718 451 2808 alias
471 2719 628 2836 propter
647 2720 854 2836 premissas
875 2719 1026 2808 iniurias
1050 2736 1087 2809 et
1107 2723 1351 2839 pecuniarum
1380 2723 1608 2810 exacciones
1629 2723 1666 2810 in
1686 2723 1809 2834 ipsum
1831 2749 1987 2811 excom·

359 2837 625 2924 muuicaeiuuls
645 2838 875 2924 sentenciam
905 2837 1056 2926 ierimus
1077 2841 1114 2928 in
1128 2839 1204 2957 hijs
1225 2840 1397 2958 scriptis,
1422 2842 1611 2956 premissa
1633 2839 1844 2943 monioione
1866 2869 1983 2930 cauo·

359 2955 443 3042 nica
464 2954 693 3071 supradicta.
723 2954 849 3069 Quem
870 2969 908 3044 et
926 2985 998 3045 uos
1013 2957 1093 3059 sic,
1116 2973 1155 3064 ut
1174 2959 1405 3075 premittitur,
1426 2988 1496 3074 per
1516 2987 1589 3046 nos
1610 2958 1984 3066 excommunicatum,
2036 3049 2041 3056 ,

276 3176 277 3182 Ν
358 3085 471 3189 prout
490 3075 665 3190 superius
685 3088 743 3160 est
762 3072 993 3179 mandatum,
1024 3073 1281 3166 denuuceietis
1309 3075 1469 3194 singulis
1496 3073 1848 3192 diebusdomiuicis
1869 3089 1908 3164 et
1925 3077 1983 3166 le·

358 3191 481 3278 stiuis:
513 3189 652 3278 tamdiu
679 3193 866 3310 premissa
887 3206 1134 3306 exequentes,
1155 3193 1280 3284 donec
1299 3224 1322 3282 a
1344 3193 1455 3282 uobis
1475 3194 1576 3282 aliud
1597 3194 1801 3286 habueritis
1820 3195 1858 3280 in
1879 3222 1983 3282 muu-

359 3307 466 3396 datis.
507 3307 551 3396 ln
571 3335 730 3421 quorum
751 3311 913 3398 omnium
934 3309 1046 3398 fidem
1068 3325 1105 3399 et
1125 3313 1384 3415 testimonium,
1404 3327 1618 3428 presentem
1639 3325 1808 3399 nostrum
1828 3339 1984 3428 proces·

357 3455 439 3513 sum
460 3428 863 3518 excommunicacionis
885 3442 922 3515 et
942 3431 1192 3540 contumacia,
1222 3462 1291 3549 per
1311 3443 1481 3518 nostrum
1501 3430 1776 3545 infrascriptum
1797 3428 1985 3518 notarium

358 3543 564 3661 publicum,
595 3571 786 3658 conseque
821 3545 1033 3634 huiusmodi
1069 3576 1199 3635 curam
1236 3548 1346 3636 nobis
1381 3547 1563 3654 scribam,
1593 3547 1706 3634 scribi
1743 3561 1780 3633 et
1802 3546 1985 3663 publicari

357 3661 857 3777 mandauimus‚·nostrique
887 3665 1119 3783 appensione
1150 3666 1260 3783 sigilli
1291 3667 1521 3754 communiri.
1573 3665 1711 3754 Actum
1739 3677 1777 3754 et
1797 3663 1925 3754 datum
1948 3665 1984 3752 io

357 3777 472 3868 domo
501 3795 630 3868 nostre
656 3782 900 3870 habitacionis
928 3799 1184 3888 extramuros
1213 3813 1474 3921 gueznenses,
1503 3814 1604 3870 arrno
1626 3781 1764 3870 domini
1787 3783 1984 3873 millesimo

356 3896 514 4008 quadrin
546 3899 727 3988 entesimo
747 3901 927 3990 vicesimo
947 3903 1124 4020 septimo,
1156 3901 1342 3992 iudicione
1362 3901 1507 4014 quinta,
1539 3900 1767 3990 Pontificutu
1787 3899 1982 3986 sanctissi-

356 4015 404 4099 mi
424 4015 461 4100 in
484 3928 636 4105 Christo
665 4020 782 4136 patris
809 4035 846 4107 et
875 4018 1013 4108 domini
1043 4021 1178 4120 nostri,
1210 4019 1350 4107 domini
1379 4019 1549 4122 Martini,
1580 4018 1706 4104 diuina
1736 4013 1982 4133 prouidencia
2051 4029 2058 4036 '

383 4161 455 4251 ape
474 4131 608 4245 quinti,
639 4147 740 4220 anno
761 4136 877 4249 ipsius
896 4135 950 4235 X,
973 4135 1034 4224 die
1053 4137 1196 4222 saturni
1216 4135 1325 4222 Xllll
1346 4136 1485 4223 mensis
1507 4134 1750 4238 Decembris,
1778 4132 1838 4220 uel
1859 4133 1980 4244 quasi.

354 4161 601 4339 l³resentibus
621 4249 756 4336 ibidem
777 4250 952 4344 discretis
970 4252 1078 4342 viris:
1110 4253 1224 4348 lratre
1245 4251 1408 4340 Martino
1429 4250 1570 4340 ordinis
1592 4251 1786 4367 [sepulcri]
1808 4249 1983 4338 dominici

354 4367 659 4474 ierosolimitani,
690 4364 851 4456 Nicolao
874 4367 1093 4457 Weneeslai
1115 4367 1164 4455 de
1193 4375 1316 4470 Wotc,
1334 4369 1495 4486 plebano
1516 4370 1552 4457 in
1571 4373 1723 4484 Grotye
1744 4366 1819 4484 (⁴),
1840 4383 1878 4457 et
1897 4366 1984 4456 Ma-

355 4484 431 4574 thia
450 4485 500 4574 de
518 4492 643 4601 tany,
674 4486 863 4606 plocensis
884 4499 922 4586 et
943 4483 1256 4614 wladislauiensis
1277 4485 1460 4593 diocesis,
1483 4488 1639 4576 testibus
1659 4491 1762 4576 circa
1782 4487 1980 4606 premissa.
2113 4489 2117 4498 '

458 4751 497 4836 (⁴)
525 4752 635 4820 Procrd
649 4698 742 4822 dubio
761 4747 875 4820 &ato
887 4752 956 4822 villa
969 4707 1112 4822 territorii
1128 4761 1159 4823 at
1171 4754 1303 4842 regicms
1319 4753 1588 4824 Sochaczeriansis.
