<?xml version="1.0" encoding="UTF-8"?>
<!DOCTYPE html PUBLIC "-//W3C//DTD XHTML 1.0 Transitional//EN"
    "http://www.w3.org/TR/xhtml1/DTD/xhtml1-transitional.dtd">
<html xmlns="http://www.w3.org/1999/xhtml" xml:lang="en" lang="en">
 <head>
  <title>
</title>
<meta http-equiv="Content-Type" content="text/html;charset=utf-8" />
  <meta name='ocr-system' content='tesseract 3.04.00' />
  <meta name='ocr-capabilities' content='ocr_page ocr_carea ocr_par ocr_line ocrx_word'/>
</head>
<body>
  <div class='ocr_page' id='page_1' title='image "./codexdiplomatic01bartgoog_0358.png"; bbox 0 0 4878 5942; ppageno 0'>
   <div class='ocr_carea' id='block_1_1' title="bbox 1141 688 1413 802">
    <p class='ocr_par' dir='ltr' id='par_1_1' title="bbox 1141 688 1413 802">
     <span class='ocr_line' id='line_1_1' title="bbox 1141 688 1413 802; baseline -0.007 0"><span class='ocrx_word' id='word_1_1' title='bbox 1141 688 1413 802; x_wconf 65' lang='lat' dir='ltr'>-arn-ss-</span> 
     </span>
    </p>
   </div>
   <div class='ocr_carea' id='block_1_2' title="bbox 459 931 2155 4957">
    <p class='ocr_par' dir='ltr' id='par_1_2' title="bbox 459 931 2155 4957">
     <span class='ocr_line' id='line_1_2' title="bbox 563 931 2082 1052; baseline -0.001 -30"><span class='ocrx_word' id='word_1_2' title='bbox 563 933 786 1048; x_wconf 72' lang='lat' dir='ltr'>Nostraque</span> <span class='ocrx_word' id='word_1_3' title='bbox 802 935 968 1050; x_wconf 90' lang='lat' dir='ltr'>ipsorum</span> <span class='ocrx_word' id='word_1_4' title='bbox 987 933 1233 1048; x_wconf 79' lang='lat' dir='ltr'>peticionibus</span> <span class='ocrx_word' id='word_1_5' title='bbox 1249 931 1462 1052; x_wconf 71' lang='lat' dir='ltr'>gratiosius</span> <span class='ocrx_word' id='word_1_6' title='bbox 1480 932 1651 1037; x_wconf 86' lang='lat' dir='ltr'>inclinati,</span> <span class='ocrx_word' id='word_1_7' title='bbox 1671 933 1919 1051; x_wconf 73' lang='lat' dir='ltr'>prescriptam</span> <span class='ocrx_word' id='word_1_8' title='bbox 1939 931 2082 1022; x_wconf 87' lang='lat' dir='ltr'>literam</span> 
     </span>
     <span class='ocr_line' id='line_1_3' title="bbox 463 1051 2085 1172; baseline -0.004 -29"><span class='ocrx_word' id='word_1_9' title='bbox 463 1085 546 1144; x_wconf 91' lang='lat' dir='ltr'>curn</span> <span class='ocrx_word' id='word_1_10' title='bbox 576 1051 734 1169; x_wconf 84' lang='lat' dir='ltr'>singulis</span> <span class='ocrx_word' id='word_1_11' title='bbox 766 1055 847 1138; x_wconf 90' lang='lat' dir='ltr'>suis</span> <span class='ocrx_word' id='word_1_12' title='bbox 873 1051 1053 1155; x_wconf 71' lang='lat' dir='ltr'>articulis,</span> <span class='ocrx_word' id='word_1_13' title='bbox 1085 1051 1438 1170; x_wconf 88' lang='lat' dir='ltr'>vendicionemque,</span> <span class='ocrx_word' id='word_1_14' title='bbox 1470 1053 1704 1168; x_wconf 73' lang='lat' dir='ltr'>emptionem</span> <span class='ocrx_word' id='word_1_15' title='bbox 1727 1067 1763 1138; x_wconf 88' lang='lat' dir='ltr'>et</span> <span class='ocrx_word' id='word_1_16' title='bbox 1782 1051 2085 1172; x_wconf 86' lang='lat' dir='ltr'>resignacionem</span> 
     </span>
     <span class='ocr_line' id='line_1_4' title="bbox 462 1169 2087 1289; baseline -0.006 -26"><span class='ocrx_word' id='word_1_17' title='bbox 462 1176 497 1264; x_wconf 90' lang='lat' dir='ltr'>in</span> <span class='ocrx_word' id='word_1_18' title='bbox 519 1202 565 1259; x_wconf 90' lang='lat' dir='ltr'>ea</span> <span class='ocrx_word' id='word_1_19' title='bbox 586 1185 800 1262; x_wconf 85' lang='lat' dir='ltr'>contentas.</span> <span class='ocrx_word' id='word_1_20' title='bbox 823 1171 1035 1286; x_wconf 88' lang='lat' dir='ltr'>peremnia</span> <span class='ocrx_word' id='word_1_21' title='bbox 1056 1181 1159 1255; x_wconf 88' lang='lat' dir='ltr'>ratas</span> <span class='ocrx_word' id='word_1_22' title='bbox 1181 1184 1218 1256; x_wconf 85' lang='lat' dir='ltr'>et</span> <span class='ocrx_word' id='word_1_23' title='bbox 1237 1183 1371 1287; x_wconf 89' lang='lat' dir='ltr'>gratas</span> <span class='ocrx_word' id='word_1_24' title='bbox 1392 1169 1593 1264; x_wconf 84' lang='lat' dir='ltr'>babentes,</span> <span class='ocrx_word' id='word_1_25' title='bbox 1616 1185 1747 1256; x_wconf 90' lang='lat' dir='ltr'>tenore</span> <span class='ocrx_word' id='word_1_26' title='bbox 1767 1173 2005 1289; x_wconf 88' lang='lat' dir='ltr'>presencium</span> <span class='ocrx_word' id='word_1_27' title='bbox 2022 1197 2087 1286; x_wconf 87' lang='lat' dir='ltr'>ap·</span> 
     </span>
     <span class='ocr_line' id='line_1_5' title="bbox 462 1287 2086 1411; baseline -0.002 -33"><span class='ocrx_word' id='word_1_28' title='bbox 462 1291 687 1411; x_wconf 86' lang='lat' dir='ltr'>probamus,</span> <span class='ocrx_word' id='word_1_29' title='bbox 707 1288 937 1375; x_wconf 81' lang='lat' dir='ltr'>ratificamus</span> <span class='ocrx_word' id='word_1_30' title='bbox 965 1303 1002 1374; x_wconf 90' lang='lat' dir='ltr'>et</span> <span class='ocrx_word' id='word_1_31' title='bbox 1034 1301 1217 1405; x_wconf 83' lang='lat' dir='ltr'>perpetuo</span> <span class='ocrx_word' id='word_1_32' title='bbox 1239 1288 1516 1376; x_wconf 76' lang='lat' dir='ltr'>confirmamus,</span> <span class='ocrx_word' id='word_1_33' title='bbox 1558 1287 1740 1375; x_wconf 89' lang='lat' dir='ltr'>Preterea</span> <span class='ocrx_word' id='word_1_34' title='bbox 1760 1289 1931 1379; x_wconf 85' lang='lat' dir='ltr'>volentes</span> <span class='ocrx_word' id='word_1_35' title='bbox 1947 1289 1983 1375; x_wconf 97' lang='lat' dir='ltr'>in</span> <span class='ocrx_word' id='word_1_36' title='bbox 2000 1315 2086 1374; x_wconf 86' lang='lat' dir='ltr'>cos-</span> 
     </span>
     <span class='ocr_line' id='line_1_6' title="bbox 463 1405 2084 1526; baseline -0.002 -30"><span class='ocrx_word' id='word_1_37' title='bbox 463 1410 549 1496; x_wconf 86' lang='lat' dir='ltr'>dem</span> <span class='ocrx_word' id='word_1_38' title='bbox 578 1405 758 1494; x_wconf 89' lang='lat' dir='ltr'>lllathiam</span> <span class='ocrx_word' id='word_1_39' title='bbox 790 1423 827 1493; x_wconf 85' lang='lat' dir='ltr'>et</span> <span class='ocrx_word' id='word_1_40' title='bbox 851 1406 1045 1493; x_wconf 84' lang='lat' dir='ltr'>Andream</span> <span class='ocrx_word' id='word_1_41' title='bbox 1066 1407 1285 1522; x_wconf 86' lang='lat' dir='ltr'>ampliorem</span> <span class='ocrx_word' id='word_1_42' title='bbox 1308 1407 1502 1492; x_wconf 76' lang='lat' dir='ltr'>effundere</span> <span class='ocrx_word' id='word_1_43' title='bbox 1522 1409 1692 1526; x_wconf 78' lang='lat' dir='ltr'>graciam</span> <span class='ocrx_word' id='word_1_44' title='bbox 1714 1423 1844 1494; x_wconf 86' lang='lat' dir='ltr'>nostre</span> <span class='ocrx_word' id='word_1_45' title='bbox 1868 1407 2084 1510; x_wconf 76' lang='lat' dir='ltr'>maiestatis</span> 
     </span>
     <span class='ocr_line' id='line_1_7' title="bbox 461 1523 2088 1630; baseline -0.004 -14"><span class='ocrx_word' id='word_1_46' title='bbox 461 1544 499 1616; x_wconf 88' lang='lat' dir='ltr'>et</span> <span class='ocrx_word' id='word_1_47' title='bbox 518 1543 556 1614; x_wconf 92' lang='lat' dir='ltr'>ut</span> <span class='ocrx_word' id='word_1_48' title='bbox 578 1526 710 1613; x_wconf 88' lang='lat' dir='ltr'>eadem</span> <span class='ocrx_word' id='word_1_49' title='bbox 733 1526 921 1614; x_wconf 88' lang='lat' dir='ltr'>hereditas</span> <span class='ocrx_word' id='word_1_50' title='bbox 941 1531 1246 1612; x_wconf 80' lang='lat' dir='ltr'>Oszrzr&#39;sszom&#39;ce</span> <span class='ocrx_word' id='word_1_51' title='bbox 1261 1527 1385 1610; x_wconf 87' lang='lat' dir='ltr'>valeat</span> <span class='ocrx_word' id='word_1_52' title='bbox 1405 1524 1562 1630; x_wconf 88' lang='lat' dir='ltr'>dilatari,</span> <span class='ocrx_word' id='word_1_53' title='bbox 1585 1557 1633 1611; x_wconf 89' lang='lat' dir='ltr'>cx</span> <span class='ocrx_word' id='word_1_54' title='bbox 1654 1555 1752 1612; x_wconf 92' lang='lat' dir='ltr'>nunc</span> <span class='ocrx_word' id='word_1_55' title='bbox 1769 1523 1927 1612; x_wconf 89' lang='lat' dir='ltr'>eandem</span> <span class='ocrx_word' id='word_1_56' title='bbox 1942 1524 1991 1611; x_wconf 88' lang='lat' dir='ltr'>de</span> <span class='ocrx_word' id='word_1_57' title='bbox 2008 1523 2088 1610; x_wconf 90' lang='lat' dir='ltr'>iure</span> 
     </span>
     <span class='ocr_line' id='line_1_8' title="bbox 461 1637 2085 1764; baseline -0.003 -31"><span class='ocrx_word' id='word_1_58' title='bbox 461 1647 637 1764; x_wconf 91' lang='lat' dir='ltr'>polonico</span> <span class='ocrx_word' id='word_1_59' title='bbox 658 1645 752 1730; x_wconf 91' lang='lat' dir='ltr'>alias</span> <span class='ocrx_word' id='word_1_60' title='bbox 773 1643 908 1730; x_wconf 89' lang='lat' dir='ltr'>ibidem</span> <span class='ocrx_word' id='word_1_61' title='bbox 931 1645 1136 1730; x_wconf 87' lang='lat' dir='ltr'>obseruate</span> <span class='ocrx_word' id='word_1_62' title='bbox 1163 1645 1199 1728; x_wconf 96' lang='lat' dir='ltr'>in</span> <span class='ocrx_word' id='word_1_63' title='bbox 1213 1645 1278 1758; x_wconf 89' lang='lat' dir='ltr'>jus</span> <span class='ocrx_word' id='word_1_64' title='bbox 1308 1643 1578 1746; x_wconf 88' lang='lat' dir='ltr'>theutonicum,</span> <span class='ocrx_word' id='word_1_65' title='bbox 1601 1643 1705 1762; x_wconf 90' lang='lat' dir='ltr'>quod</span> <span class='ocrx_word' id='word_1_66' title='bbox 1726 1637 1921 1732; x_wconf 86' lang='lat' dir='ltr'>Sredenso</span> <span class='ocrx_word' id='word_1_67' title='bbox 1942 1643 2085 1744; x_wconf 88' lang='lat' dir='ltr'>dicitur,</span> 
     </span>
     <span class='ocr_line' id='line_1_9' title="bbox 461 1761 2087 1878; baseline -0.004 -26"><span class='ocrx_word' id='word_1_68' title='bbox 461 1765 721 1853; x_wconf 86' lang='lat' dir='ltr'>transierimus</span> <span class='ocrx_word' id='word_1_69' title='bbox 750 1777 934 1878; x_wconf 83' lang='lat' dir='ltr'>perpetuo</span> <span class='ocrx_word' id='word_1_70' title='bbox 967 1761 1103 1848; x_wconf 88' lang='lat' dir='ltr'>ibidem</span> <span class='ocrx_word' id='word_1_71' title='bbox 1126 1761 1356 1848; x_wconf 91' lang='lat' dir='ltr'>duraturum.</span> <span class='ocrx_word' id='word_1_72' title='bbox 1417 1761 1676 1848; x_wconf 88' lang='lat' dir='ltr'>Remoucntes</span> <span class='ocrx_word' id='word_1_73' title='bbox 1697 1761 1833 1848; x_wconf 84' lang='lat' dir='ltr'>ibidem</span> <span class='ocrx_word' id='word_1_74' title='bbox 1855 1761 1979 1850; x_wconf 90' lang='lat' dir='ltr'>omnia</span> <span class='ocrx_word' id='word_1_75' title='bbox 2005 1762 2087 1846; x_wconf 92' lang='lat' dir='ltr'>iura</span> 
     </span>
     <span class='ocr_line' id='line_1_10' title="bbox 461 1877 2087 2002; baseline -0.005 -32"><span class='ocrx_word' id='word_1_76' title='bbox 461 1881 698 2002; x_wconf 91' lang='lat' dir='ltr'>polonicalia,</span> <span class='ocrx_word' id='word_1_77' title='bbox 721 1879 856 1967; x_wconf 91' lang='lat' dir='ltr'>modos</span> <span class='ocrx_word' id='word_1_78' title='bbox 877 1897 914 1967; x_wconf 86' lang='lat' dir='ltr'>et</span> <span class='ocrx_word' id='word_1_79' title='bbox 935 1877 1236 1984; x_wconf 87' lang='lat' dir='ltr'>consuetudines,</span> <span class='ocrx_word' id='word_1_80' title='bbox 1260 1911 1332 1998; x_wconf 91' lang='lat' dir='ltr'>quc</span> <span class='ocrx_word' id='word_1_81' title='bbox 1349 1881 1469 1998; x_wconf 92' lang='lat' dir='ltr'>ipsum</span> <span class='ocrx_word' id='word_1_82' title='bbox 1485 1881 1542 1967; x_wconf 91' lang='lat' dir='ltr'>ius</span> <span class='ocrx_word' id='word_1_83' title='bbox 1559 1881 1590 1965; x_wconf 87' lang='lat' dir='ltr'>T</span> <span class='ocrx_word' id='word_1_84' title='bbox 1593 1880 1845 1966; x_wconf 89' lang='lat' dir='ltr'>bewtunioum</span> <span class='ocrx_word' id='word_1_85' title='bbox 1860 1879 2087 1998; x_wconf 87' lang='lat' dir='ltr'>perturbare</span> 
     </span>
     <span class='ocr_line' id='line_1_11' title="bbox 461 1997 2086 2114; baseline -0.005 -26"><span class='ocrx_word' id='word_1_86' title='bbox 461 2013 751 2089; x_wconf 86' lang='lat' dir='ltr'>consueuerant.</span> <span class='ocrx_word' id='word_1_87' title='bbox 814 1999 988 2086; x_wconf 88' lang='lat' dir='ltr'>Ceterum</span> <span class='ocrx_word' id='word_1_88' title='bbox 1025 1999 1218 2088; x_wconf 81' lang='lat' dir='ltr'>eximimus</span> <span class='ocrx_word' id='word_1_89' title='bbox 1239 2015 1275 2085; x_wconf 87' lang='lat' dir='ltr'>et</span> <span class='ocrx_word' id='word_1_90' title='bbox 1296 2015 1479 2114; x_wconf 91' lang='lat' dir='ltr'>perpetuo</span> <span class='ocrx_word' id='word_1_91' title='bbox 1501 1997 1701 2085; x_wconf 86' lang='lat' dir='ltr'>liberamus</span> <span class='ocrx_word' id='word_1_92' title='bbox 1722 2013 1835 2114; x_wconf 90' lang='lat' dir='ltr'>atque</span> <span class='ocrx_word' id='word_1_93' title='bbox 1854 1997 2086 2085; x_wconf 89' lang='lat' dir='ltr'>absoluimus</span> 
     </span>
     <span class='ocr_line' id='line_1_12' title="bbox 462 2114 2086 2234; baseline -0.005 -28"><span class='ocrx_word' id='word_1_94' title='bbox 462 2149 594 2206; x_wconf 89' lang='lat' dir='ltr'>omnes</span> <span class='ocrx_word' id='word_1_95' title='bbox 616 2131 653 2204; x_wconf 87' lang='lat' dir='ltr'>et</span> <span class='ocrx_word' id='word_1_96' title='bbox 673 2116 845 2234; x_wconf 87' lang='lat' dir='ltr'>singulos</span> <span class='ocrx_word' id='word_1_97' title='bbox 867 2115 1021 2219; x_wconf 89' lang='lat' dir='ltr'>incolas,</span> <span class='ocrx_word' id='word_1_98' title='bbox 1042 2117 1080 2204; x_wconf 93' lang='lat' dir='ltr'>in</span> <span class='ocrx_word' id='word_1_99' title='bbox 1101 2117 1233 2202; x_wconf 85' lang='lat' dir='ltr'>eadem</span> <span class='ocrx_word' id='word_1_100' title='bbox 1256 2117 1343 2203; x_wconf 94' lang='lat' dir='ltr'>villa</span> <span class='ocrx_word' id='word_1_101' title='bbox 1364 2115 1566 2234; x_wconf 62' lang='lat' dir='ltr'>degentes</span> <span class='ocrx_word' id='word_1_102' title='bbox 1587 2114 1637 2203; x_wconf 91' lang='lat' dir='ltr'>ab</span> <span class='ocrx_word' id='word_1_103' title='bbox 1658 2117 1830 2204; x_wconf 90' lang='lat' dir='ltr'>omnibus</span> <span class='ocrx_word' id='word_1_104' title='bbox 1851 2115 2010 2234; x_wconf 79' lang='lat' dir='ltr'>iudicijS,</span> <span class='ocrx_word' id='word_1_105' title='bbox 2032 2116 2086 2200; x_wconf 91' lang='lat' dir='ltr'>iu-</span> 
     </span>
     <span class='ocr_line' id='line_1_13' title="bbox 461 2231 2086 2354; baseline -0.005 -28"><span class='ocrx_word' id='word_1_106' title='bbox 461 2239 565 2326; x_wconf 87' lang='lat' dir='ltr'>ribus</span> <span class='ocrx_word' id='word_1_107' title='bbox 586 2251 624 2322; x_wconf 87' lang='lat' dir='ltr'>et</span> <span class='ocrx_word' id='word_1_108' title='bbox 644 2234 942 2332; x_wconf 83' lang='lat' dir='ltr'>iuridicionibus‚</span> <span class='ocrx_word' id='word_1_109' title='bbox 965 2236 1213 2350; x_wconf 88' lang='lat' dir='ltr'>potestatibus</span> <span class='ocrx_word' id='word_1_110' title='bbox 1235 2251 1271 2322; x_wconf 85' lang='lat' dir='ltr'>et</span> <span class='ocrx_word' id='word_1_111' title='bbox 1292 2237 1416 2353; x_wconf 86' lang='lat' dir='ltr'>ponis,</span> <span class='ocrx_word' id='word_1_112' title='bbox 1438 2236 1757 2354; x_wconf 88' lang='lat' dir='ltr'>citacionibusque</span> <span class='ocrx_word' id='word_1_113' title='bbox 1777 2235 1940 2322; x_wconf 92' lang='lat' dir='ltr'>omnium</span> <span class='ocrx_word' id='word_1_114' title='bbox 1970 2231 2086 2352; x_wconf 84' lang='lat' dir='ltr'>palla·</span> 
     </span>
     <span class='ocr_line' id='line_1_14' title="bbox 462 2351 2155 2471; baseline -0.001 -31"><span class='ocrx_word' id='word_1_115' title='bbox 462 2357 645 2456; x_wconf 87' lang='lat' dir='ltr'>tinorum,</span> <span class='ocrx_word' id='word_1_116' title='bbox 668 2353 975 2456; x_wconf 88' lang='lat' dir='ltr'>castellanorum,</span> <span class='ocrx_word' id='word_1_117' title='bbox 996 2352 1180 2469; x_wconf 86' lang='lat' dir='ltr'>judicum,</span> <span class='ocrx_word' id='word_1_118' title='bbox 1208 2351 1462 2458; x_wconf 89' lang='lat' dir='ltr'>subiudioum,</span> <span class='ocrx_word' id='word_1_119' title='bbox 1484 2354 1847 2471; x_wconf 87' lang='lat' dir='ltr'>ministerialiumque</span> <span class='ocrx_word' id='word_1_120' title='bbox 1867 2351 2086 2454; x_wconf 83' lang='lat' dir='ltr'>eorundem,</span> <span class='ocrx_word' id='word_1_121' title='bbox 2146 2461 2155 2470; x_wconf 84' lang='lat'>.</span> 
     </span>
     <span class='ocr_line' id='line_1_15' title="bbox 462 2470 2085 2590; baseline -0.003 -30"><span class='ocrx_word' id='word_1_122' title='bbox 462 2475 521 2576; x_wconf 91' lang='lat' dir='ltr'>ita,</span> <span class='ocrx_word' id='word_1_123' title='bbox 544 2470 645 2590; x_wconf 89' lang='lat' dir='ltr'>quod</span> <span class='ocrx_word' id='word_1_124' title='bbox 668 2501 796 2557; x_wconf 91' lang='lat' dir='ltr'>coram</span> <span class='ocrx_word' id='word_1_125' title='bbox 815 2473 870 2557; x_wconf 89' lang='lat' dir='ltr'>eis</span> <span class='ocrx_word' id='word_1_126' title='bbox 891 2470 949 2556; x_wconf 87' lang='lat' dir='ltr'>uel</span> <span class='ocrx_word' id='word_1_127' title='bbox 972 2502 1099 2556; x_wconf 87' lang='lat' dir='ltr'>eorum</span> <span class='ocrx_word' id='word_1_128' title='bbox 1122 2472 1267 2590; x_wconf 88' lang='lat' dir='ltr'>aliquo,</span> <span class='ocrx_word' id='word_1_129' title='bbox 1290 2501 1360 2588; x_wconf 91' lang='lat' dir='ltr'>pro</span> <span class='ocrx_word' id='word_1_130' title='bbox 1382 2471 1679 2589; x_wconf 85' lang='lat' dir='ltr'>quibuscumque</span> <span class='ocrx_word' id='word_1_131' title='bbox 1700 2473 1826 2559; x_wconf 91' lang='lat' dir='ltr'>causis</span> <span class='ocrx_word' id='word_1_132' title='bbox 1848 2472 1997 2590; x_wconf 89' lang='lat' dir='ltr'>magnis</span> <span class='ocrx_word' id='word_1_133' title='bbox 2018 2497 2085 2556; x_wconf 91' lang='lat' dir='ltr'>seu</span> 
     </span>
     <span class='ocr_line' id='line_1_16' title="bbox 460 2589 2082 2709; baseline -0.002 -33"><span class='ocrx_word' id='word_1_134' title='bbox 460 2593 606 2709; x_wconf 89' lang='lat' dir='ltr'>paruis,</span> <span class='ocrx_word' id='word_1_135' title='bbox 630 2605 726 2706; x_wconf 92' lang='lat' dir='ltr'>puta:</span> <span class='ocrx_word' id='word_1_136' title='bbox 745 2591 836 2688; x_wconf 89' lang='lat' dir='ltr'>lorti,</span> <span class='ocrx_word' id='word_1_137' title='bbox 860 2589 1066 2704; x_wconf 84' lang='lat' dir='ltr'>bornioidij‚</span> <span class='ocrx_word' id='word_1_138' title='bbox 1089 2590 1264 2706; x_wconf 86' lang='lat' dir='ltr'>incendij,</span> <span class='ocrx_word' id='word_1_139' title='bbox 1286 2591 1498 2709; x_wconf 86' lang='lat' dir='ltr'>sanguinis,</span> <span class='ocrx_word' id='word_1_140' title='bbox 1519 2589 1817 2678; x_wconf 88' lang='lat' dir='ltr'>mutilacionibus</span> <span class='ocrx_word' id='word_1_141' title='bbox 1833 2591 2082 2676; x_wconf 91' lang='lat' dir='ltr'>membrorum</span> 
     </span>
     <span class='ocr_line' id='line_1_17' title="bbox 459 2707 2080 2827; baseline -0.004 -30"><span class='ocrx_word' id='word_1_142' title='bbox 459 2723 496 2797; x_wconf 87' lang='lat' dir='ltr'>ct</span> <span class='ocrx_word' id='word_1_143' title='bbox 515 2709 598 2824; x_wconf 87' lang='lat' dir='ltr'>alijs</span> <span class='ocrx_word' id='word_1_144' title='bbox 628 2709 925 2827; x_wconf 88' lang='lat' dir='ltr'>quibuscumque</span> <span class='ocrx_word' id='word_1_145' title='bbox 946 2709 1055 2805; x_wconf 88' lang='lat' dir='ltr'>citati,</span> <span class='ocrx_word' id='word_1_146' title='bbox 1079 2710 1226 2794; x_wconf 88' lang='lat' dir='ltr'>minime</span> <span class='ocrx_word' id='word_1_147' title='bbox 1247 2707 1482 2826; x_wconf 89' lang='lat' dir='ltr'>respondere</span> <span class='ocrx_word' id='word_1_148' title='bbox 1503 2709 1562 2796; x_wconf 91' lang='lat' dir='ltr'>uel</span> <span class='ocrx_word' id='word_1_149' title='bbox 1585 2739 1703 2826; x_wconf 91' lang='lat' dir='ltr'>penas</span> <span class='ocrx_word' id='word_1_150' title='bbox 1719 2709 1869 2795; x_wconf 92' lang='lat' dir='ltr'>soluere</span> <span class='ocrx_word' id='word_1_151' title='bbox 1899 2707 2080 2793; x_wconf 92' lang='lat' dir='ltr'>tenebun-</span> 
     </span>
     <span class='ocr_line' id='line_1_18' title="bbox 461 2825 2081 2943; baseline -0.004 -29"><span class='ocrx_word' id='word_1_152' title='bbox 461 2842 541 2934; x_wconf 89' lang='lat' dir='ltr'>tur;</span> <span class='ocrx_word' id='word_1_153' title='bbox 572 2827 642 2913; x_wconf 89' lang='lat' dir='ltr'>sed</span> <span class='ocrx_word' id='word_1_154' title='bbox 670 2841 808 2913; x_wconf 86' lang='lat' dir='ltr'>tanturn</span> <span class='ocrx_word' id='word_1_155' title='bbox 839 2827 961 2912; x_wconf 92' lang='lat' dir='ltr'>incole</span> <span class='ocrx_word' id='word_1_156' title='bbox 992 2825 1077 2913; x_wconf 86' lang='lat' dir='ltr'>ville</span> <span class='ocrx_word' id='word_1_157' title='bbox 1105 2826 1272 2943; x_wconf 87' lang='lat' dir='ltr'>predicte</span> <span class='ocrx_word' id='word_1_158' title='bbox 1304 2855 1434 2914; x_wconf 91' lang='lat' dir='ltr'>coram</span> <span class='ocrx_word' id='word_1_159' title='bbox 1463 2856 1534 2913; x_wconf 93' lang='lat' dir='ltr'>suo</span> <span class='ocrx_word' id='word_1_160' title='bbox 1571 2828 1750 2934; x_wconf 86' lang='lat' dir='ltr'>sculteto,</span> <span class='ocrx_word' id='word_1_161' title='bbox 1787 2827 1967 2914; x_wconf 85' lang='lat' dir='ltr'>scultetus</span> <span class='ocrx_word' id='word_1_162' title='bbox 1987 2851 2081 2912; x_wconf 88' lang='lat' dir='ltr'>vcro</span> 
     </span>
     <span class='ocr_line' id='line_1_19' title="bbox 461 2943 2086 3063; baseline -0.003 -31"><span class='ocrx_word' id='word_1_163' title='bbox 461 2975 591 3032; x_wconf 91' lang='lat' dir='ltr'>coram</span> <span class='ocrx_word' id='word_1_164' title='bbox 625 2974 695 3032; x_wconf 91' lang='lat' dir='ltr'>suo</span> <span class='ocrx_word' id='word_1_165' title='bbox 728 2943 898 3050; x_wconf 91' lang='lat' dir='ltr'>domino,</span> <span class='ocrx_word' id='word_1_166' title='bbox 934 2961 1017 3046; x_wconf 89' lang='lat' dir='ltr'>aut,</span> <span class='ocrx_word' id='word_1_167' title='bbox 1054 2945 1085 3030; x_wconf 89' lang='lat' dir='ltr'>si</span> <span class='ocrx_word' id='word_1_168' title='bbox 1121 2945 1322 3063; x_wconf 76' lang='lat' dir='ltr'>negligens</span> <span class='ocrx_word' id='word_1_169' title='bbox 1360 2947 1395 3030; x_wconf 94' lang='lat' dir='ltr'>in</span> <span class='ocrx_word' id='word_1_170' title='bbox 1425 2943 1622 3032; x_wconf 91' lang='lat' dir='ltr'>reddenda</span> <span class='ocrx_word' id='word_1_171' title='bbox 1658 2946 1801 3048; x_wconf 85' lang='lat' dir='ltr'>iusticia</span> <span class='ocrx_word' id='word_1_172' title='bbox 1836 2946 1962 3046; x_wconf 83' lang='lat' dir='ltr'>luerit,</span> <span class='ocrx_word' id='word_1_173' title='bbox 1999 2959 2086 3030; x_wconf 89' lang='lat' dir='ltr'>tuuc</span> 
     </span>
     <span class='ocr_line' id='line_1_20' title="bbox 461 3061 2085 3182; baseline -0.003 -32"><span class='ocrx_word' id='word_1_174' title='bbox 461 3093 589 3150; x_wconf 91' lang='lat' dir='ltr'>coram</span> <span class='ocrx_word' id='word_1_175' title='bbox 617 3062 746 3165; x_wconf 85' lang='lat' dir='ltr'>nobis,</span> <span class='ocrx_word' id='word_1_176' title='bbox 783 3062 870 3148; x_wconf 94' lang='lat' dir='ltr'>dum</span> <span class='ocrx_word' id='word_1_177' title='bbox 902 3093 970 3180; x_wconf 85' lang='lat' dir='ltr'>per</span> <span class='ocrx_word' id='word_1_178' title='bbox 998 3064 1142 3148; x_wconf 89' lang='lat' dir='ltr'>literam</span> <span class='ocrx_word' id='word_1_179' title='bbox 1179 3079 1309 3150; x_wconf 92' lang='lat' dir='ltr'>nostro</span> <span class='ocrx_word' id='word_1_180' title='bbox 1346 3064 1470 3181; x_wconf 89' lang='lat' dir='ltr'>sigillo</span> <span class='ocrx_word' id='word_1_181' title='bbox 1506 3063 1706 3182; x_wconf 89' lang='lat' dir='ltr'>sigillatam</span> <span class='ocrx_word' id='word_1_182' title='bbox 1742 3079 1926 3151; x_wconf 88' lang='lat' dir='ltr'>euocatus</span> <span class='ocrx_word' id='word_1_183' title='bbox 1962 3061 2085 3158; x_wconf 87' lang='lat' dir='ltr'>luerit,</span> 
     </span>
     <span class='ocr_line' id='line_1_21' title="bbox 460 3181 2085 3300; baseline -0.002 -32"><span class='ocrx_word' id='word_1_184' title='bbox 460 3185 540 3270; x_wconf 91' lang='lat' dir='ltr'>iure</span> <span class='ocrx_word' id='word_1_185' title='bbox 559 3181 817 3268; x_wconf 87' lang='lat' dir='ltr'>nichilominus</span> <span class='ocrx_word' id='word_1_186' title='bbox 837 3211 909 3300; x_wconf 80' lang='lat' dir='ltr'>suo</span> <span class='ocrx_word' id='word_1_187' title='bbox 932 3181 1161 3268; x_wconf 88' lang='lat' dir='ltr'>thewtonico</span> <span class='ocrx_word' id='word_1_188' title='bbox 1182 3181 1230 3268; x_wconf 86' lang='lat' dir='ltr'>de</span> <span class='ocrx_word' id='word_1_189' title='bbox 1251 3213 1294 3269; x_wconf 90' lang='lat' dir='ltr'>se</span> <span class='ocrx_word' id='word_1_190' title='bbox 1315 3182 1595 3299; x_wconf 89' lang='lat' dir='ltr'>querulantibus</span> <span class='ocrx_word' id='word_1_191' title='bbox 1616 3181 1913 3299; x_wconf 89' lang='lat' dir='ltr'>respondebunt:</span> <span class='ocrx_word' id='word_1_192' title='bbox 1948 3207 2085 3268; x_wconf 87' lang='lat' dir='ltr'>causas</span> 
     </span>
     <span class='ocr_line' id='line_1_22' title="bbox 461 3297 2086 3418; baseline -0.003 -32"><span class='ocrx_word' id='word_1_193' title='bbox 461 3303 580 3387; x_wconf 79' lang='lat' dir='ltr'>eciam</span> <span class='ocrx_word' id='word_1_194' title='bbox 617 3329 777 3418; x_wconf 86' lang='lat' dir='ltr'>magnas</span> <span class='ocrx_word' id='word_1_195' title='bbox 812 3329 880 3386; x_wconf 90' lang='lat' dir='ltr'>seu</span> <span class='ocrx_word' id='word_1_196' title='bbox 917 3329 1072 3416; x_wconf 87' lang='lat' dir='ltr'>paruas,</span> <span class='ocrx_word' id='word_1_197' title='bbox 1109 3315 1219 3416; x_wconf 92' lang='lat' dir='ltr'>prout</span> <span class='ocrx_word' id='word_1_198' title='bbox 1249 3301 1421 3417; x_wconf 85' lang='lat' dir='ltr'>superius</span> <span class='ocrx_word' id='word_1_199' title='bbox 1457 3303 1730 3417; x_wconf 86' lang='lat' dir='ltr'>exprimuntur,</span> <span class='ocrx_word' id='word_1_200' title='bbox 1763 3301 1924 3388; x_wconf 87' lang='lat' dir='ltr'>sculteto</span> <span class='ocrx_word' id='word_1_201' title='bbox 1962 3297 2086 3416; x_wconf 89' lang='lat' dir='ltr'>predi-</span> 
     </span>
     <span class='ocr_line' id='line_1_23' title="bbox 461 3416 2086 3533; baseline -0.002 -29"><span class='ocrx_word' id='word_1_202' title='bbox 461 3435 530 3506; x_wconf 89' lang='lat' dir='ltr'>cto</span> <span class='ocrx_word' id='word_1_203' title='bbox 565 3434 601 3505; x_wconf 88' lang='lat' dir='ltr'>et</span> <span class='ocrx_word' id='word_1_204' title='bbox 642 3419 807 3504; x_wconf 87' lang='lat' dir='ltr'>scabinis</span> <span class='ocrx_word' id='word_1_205' title='bbox 847 3417 897 3504; x_wconf 93' lang='lat' dir='ltr'>ad</span> <span class='ocrx_word' id='word_1_206' title='bbox 933 3420 1007 3504; x_wconf 92' lang='lat' dir='ltr'>hoc</span> <span class='ocrx_word' id='word_1_207' title='bbox 1048 3419 1234 3533; x_wconf 85' lang='lat' dir='ltr'>deputatis</span> <span class='ocrx_word' id='word_1_208' title='bbox 1275 3419 1484 3519; x_wconf 90' lang='lat' dir='ltr'>iudicandi,</span> <span class='ocrx_word' id='word_1_209' title='bbox 1525 3419 1783 3506; x_wconf 86' lang='lat' dir='ltr'>sentenciandi</span> <span class='ocrx_word' id='word_1_210' title='bbox 1832 3434 1869 3506; x_wconf 90' lang='lat' dir='ltr'>et</span> <span class='ocrx_word' id='word_1_211' title='bbox 1909 3416 2086 3505; x_wconf 92' lang='lat' dir='ltr'>condem·</span> 
     </span>
     <span class='ocr_line' id='line_1_24' title="bbox 462 3533 2086 3655; baseline -0.001 -33"><span class='ocrx_word' id='word_1_212' title='bbox 462 3535 601 3652; x_wconf 91' lang='lat' dir='ltr'>pnundi</span> <span class='ocrx_word' id='word_1_213' title='bbox 630 3536 778 3651; x_wconf 90' lang='lat' dir='ltr'>plenam</span> <span class='ocrx_word' id='word_1_214' title='bbox 814 3551 851 3622; x_wconf 86' lang='lat' dir='ltr'>et</span> <span class='ocrx_word' id='word_1_215' title='bbox 886 3537 1143 3624; x_wconf 91' lang='lat' dir='ltr'>omnimodam.</span> <span class='ocrx_word' id='word_1_216' title='bbox 1176 3537 1420 3627; x_wconf 86' lang='lat' dir='ltr'>concedimus</span> <span class='ocrx_word' id='word_1_217' title='bbox 1442 3537 1668 3626; x_wconf 84' lang='lat' dir='ltr'>facultatem.</span> <span class='ocrx_word' id='word_1_218' title='bbox 1700 3538 1902 3645; x_wconf 84' lang='lat' dir='ltr'>Protorca,</span> <span class='ocrx_word' id='word_1_219' title='bbox 1931 3533 2086 3655; x_wconf 89' lang='lat' dir='ltr'>quodin</span> 
     </span>
     <span class='ocr_line' id='line_1_25' title="bbox 459 3653 2085 3773; baseline -0.002 -32"><span class='ocrx_word' id='word_1_220' title='bbox 459 3654 535 3742; x_wconf 91' lang='lat' dir='ltr'>line</span> <span class='ocrx_word' id='word_1_221' title='bbox 557 3656 722 3770; x_wconf 92' lang='lat' dir='ltr'>ponitur,</span> <span class='ocrx_word' id='word_1_222' title='bbox 759 3657 884 3773; x_wconf 87' lang='lat' dir='ltr'>magis</span> <span class='ocrx_word' id='word_1_223' title='bbox 914 3657 1093 3741; x_wconf 90' lang='lat' dir='ltr'>memorie</span> <span class='ocrx_word' id='word_1_224' title='bbox 1115 3657 1415 3764; x_wconf 90' lang='lat' dir='ltr'>commendatur,</span> <span class='ocrx_word' id='word_1_225' title='bbox 1447 3655 1696 3744; x_wconf 87' lang='lat' dir='ltr'>consideratis</span> <span class='ocrx_word' id='word_1_226' title='bbox 1716 3655 1890 3744; x_wconf 90' lang='lat' dir='ltr'>lidelibus</span> <span class='ocrx_word' id='word_1_227' title='bbox 1916 3653 2085 3770; x_wconf 87' lang='lat' dir='ltr'>seruicijs</span> 
     </span>
     <span class='ocr_line' id='line_1_26' title="bbox 461 3771 2086 3892; baseline -0.001 -32"><span class='ocrx_word' id='word_1_228' title='bbox 461 3771 605 3860; x_wconf 88' lang='lat' dir='ltr'>lllatbie</span> <span class='ocrx_word' id='word_1_229' title='bbox 641 3785 678 3856; x_wconf 89' lang='lat' dir='ltr'>et</span> <span class='ocrx_word' id='word_1_230' title='bbox 712 3771 889 3874; x_wconf 83' lang='lat' dir='ltr'>Andree,</span> <span class='ocrx_word' id='word_1_231' title='bbox 930 3772 1111 3860; x_wconf 85' lang='lat' dir='ltr'>horedum</span> <span class='ocrx_word' id='word_1_232' title='bbox 1145 3771 1419 3890; x_wconf 88' lang='lat' dir='ltr'>predictorum,</span> <span class='ocrx_word' id='word_1_233' title='bbox 1458 3775 1566 3892; x_wconf 90' lang='lat' dir='ltr'>ipsos</span> <span class='ocrx_word' id='word_1_234' title='bbox 1602 3791 1802 3862; x_wconf 88' lang='lat' dir='ltr'>eteorum</span> <span class='ocrx_word' id='word_1_235' title='bbox 1838 3801 2086 3864; x_wconf 87' lang='lat' dir='ltr'>successores</span> 
     </span>
     <span class='ocr_line' id='line_1_27' title="bbox 459 3890 2086 4010; baseline -0.002 -32"><span class='ocrx_word' id='word_1_236' title='bbox 459 3891 662 4010; x_wconf 80' lang='lat' dir='ltr'>legittimos</span> <span class='ocrx_word' id='word_1_237' title='bbox 701 3890 822 3976; x_wconf 92' lang='lat' dir='ltr'>eciam</span> <span class='ocrx_word' id='word_1_238' title='bbox 857 3890 906 3976; x_wconf 92' lang='lat' dir='ltr'>ab</span> <span class='ocrx_word' id='word_1_239' title='bbox 942 3892 1113 3978; x_wconf 92' lang='lat' dir='ltr'>omnibus</span> <span class='ocrx_word' id='word_1_240' title='bbox 1149 3894 1289 3978; x_wconf 93' lang='lat' dir='ltr'>iuribus</span> <span class='ocrx_word' id='word_1_241' title='bbox 1325 3907 1363 3979; x_wconf 88' lang='lat' dir='ltr'>ct</span> <span class='ocrx_word' id='word_1_242' title='bbox 1402 3892 1652 4010; x_wconf 89' lang='lat' dir='ltr'>potestatibus</span> <span class='ocrx_word' id='word_1_243' title='bbox 1692 3894 1883 4009; x_wconf 88' lang='lat' dir='ltr'>prelibatis</span> <span class='ocrx_word' id='word_1_244' title='bbox 1925 3892 2086 3980; x_wconf 90' lang='lat' dir='ltr'>omniurn</span> 
     </span>
     <span class='ocr_line' id='line_1_28' title="bbox 459 4008 2085 4129; baseline -0.001 -33"><span class='ocrx_word' id='word_1_245' title='bbox 459 4008 740 4129; x_wconf 89' lang='lat' dir='ltr'>pallatinorum,</span> <span class='ocrx_word' id='word_1_246' title='bbox 771 4009 1079 4112; x_wconf 90' lang='lat' dir='ltr'>castellanorum,</span> <span class='ocrx_word' id='word_1_247' title='bbox 1110 4025 1146 4096; x_wconf 88' lang='lat' dir='ltr'>et</span> <span class='ocrx_word' id='word_1_248' title='bbox 1166 4011 1362 4126; x_wconf 89' lang='lat' dir='ltr'>presertim</span> <span class='ocrx_word' id='word_1_249' title='bbox 1384 4012 1577 4098; x_wconf 85' lang='lat' dir='ltr'>castellani</span> <span class='ocrx_word' id='word_1_250' title='bbox 1605 4013 1859 4112; x_wconf 89' lang='lat' dir='ltr'>lanciciensis,</span> <span class='ocrx_word' id='word_1_251' title='bbox 1897 4009 2085 4098; x_wconf 89' lang='lat' dir='ltr'>acaciam</span> 
     </span>
     <span class='ocr_line' id='line_1_29' title="bbox 460 4127 2087 4246; baseline -0.002 -31"><span class='ocrx_word' id='word_1_252' title='bbox 460 4129 641 4233; x_wconf 89' lang='lat' dir='ltr'>iudicum,</span> <span class='ocrx_word' id='word_1_253' title='bbox 669 4127 902 4214; x_wconf 88' lang='lat' dir='ltr'>subiudioum</span> <span class='ocrx_word' id='word_1_254' title='bbox 935 4145 970 4216; x_wconf 90' lang='lat' dir='ltr'>et</span> <span class='ocrx_word' id='word_1_255' title='bbox 1000 4128 1211 4215; x_wconf 91' lang='lat' dir='ltr'>ollicialium</span> <span class='ocrx_word' id='word_1_256' title='bbox 1234 4130 1420 4246; x_wconf 90' lang='lat' dir='ltr'>ipsorum,</span> <span class='ocrx_word' id='word_1_257' title='bbox 1451 4127 1598 4218; x_wconf 86' lang='lat' dir='ltr'>exnunc</span> <span class='ocrx_word' id='word_1_258' title='bbox 1629 4127 1920 4234; x_wconf 83' lang='lat' dir='ltr'>absoluimuset</span> <span class='ocrx_word' id='word_1_259' title='bbox 1940 4130 2087 4246; x_wconf 89' lang='lat' dir='ltr'>penitus</span> 
     </span>
     <span class='ocr_line' id='line_1_30' title="bbox 460 4245 2087 4364; baseline -0.001 -32"><span class='ocrx_word' id='word_1_260' title='bbox 460 4247 678 4352; x_wconf 79' lang='lat' dir='ltr'>liberamuS,</span> <span class='ocrx_word' id='word_1_261' title='bbox 714 4248 784 4350; x_wconf 92' lang='lat' dir='ltr'>ita,</span> <span class='ocrx_word' id='word_1_262' title='bbox 817 4245 918 4364; x_wconf 93' lang='lat' dir='ltr'>quod</span> <span class='ocrx_word' id='word_1_263' title='bbox 952 4247 1071 4352; x_wconf 93' lang='lat' dir='ltr'>citati,</span> <span class='ocrx_word' id='word_1_264' title='bbox 1107 4277 1235 4334; x_wconf 91' lang='lat' dir='ltr'>coram</span> <span class='ocrx_word' id='word_1_265' title='bbox 1267 4250 1333 4350; x_wconf 85' lang='lat' dir='ltr'>eis,</span> <span class='ocrx_word' id='word_1_266' title='bbox 1360 4248 1421 4335; x_wconf 89' lang='lat' dir='ltr'>vel</span> <span class='ocrx_word' id='word_1_267' title='bbox 1451 4277 1581 4336; x_wconf 91' lang='lat' dir='ltr'>corum</span> <span class='ocrx_word' id='word_1_268' title='bbox 1611 4248 1731 4335; x_wconf 87' lang='lat' dir='ltr'>altero</span> <span class='ocrx_word' id='word_1_269' title='bbox 1762 4249 1909 4334; x_wconf 87' lang='lat' dir='ltr'>minime</span> <span class='ocrx_word' id='word_1_270' title='bbox 1930 4275 2087 4363; x_wconf 87' lang='lat' dir='ltr'>respon·</span> 
     </span>
     <span class='ocr_line' id='line_1_31' title="bbox 462 4363 2089 4483; baseline -0.001 -33"><span class='ocrx_word' id='word_1_271' title='bbox 462 4363 570 4468; x_wconf 89' lang='lat' dir='ltr'>dere,</span> <span class='ocrx_word' id='word_1_272' title='bbox 609 4395 682 4450; x_wconf 87' lang='lat' dir='ltr'>nec</span> <span class='ocrx_word' id='word_1_273' title='bbox 718 4363 865 4480; x_wconf 88' lang='lat' dir='ltr'>aliquas</span> <span class='ocrx_word' id='word_1_274' title='bbox 902 4393 1021 4481; x_wconf 89' lang='lat' dir='ltr'>penas</span> <span class='ocrx_word' id='word_1_275' title='bbox 1058 4366 1208 4452; x_wconf 84' lang='lat' dir='ltr'>soluere</span> <span class='ocrx_word' id='word_1_276' title='bbox 1246 4366 1476 4452; x_wconf 78' lang='lat' dir='ltr'>tenebuntur.</span> <span class='ocrx_word' id='word_1_277' title='bbox 1538 4366 1645 4454; x_wconf 86' lang='lat' dir='ltr'>Citati</span> <span class='ocrx_word' id='word_1_278' title='bbox 1680 4381 1803 4453; x_wconf 77' lang='lat' dir='ltr'>autom</span> <span class='ocrx_word' id='word_1_279' title='bbox 1840 4395 1908 4483; x_wconf 92' lang='lat' dir='ltr'>per</span> <span class='ocrx_word' id='word_1_280' title='bbox 1948 4365 2089 4451; x_wconf 88' lang='lat' dir='ltr'>literam</span> 
     </span>
     <span class='ocr_line' id='line_1_32' title="bbox 461 4481 2087 4602; baseline -0.001 -33"><span class='ocrx_word' id='word_1_281' title='bbox 461 4495 649 4584; x_wconf 87' lang='lat' dir='ltr'>nostram,</span> <span class='ocrx_word' id='word_1_282' title='bbox 679 4481 802 4596; x_wconf 86' lang='lat' dir='ltr'>sigillo</span> <span class='ocrx_word' id='word_1_283' title='bbox 824 4498 956 4569; x_wconf 91' lang='lat' dir='ltr'>nostro</span> <span class='ocrx_word' id='word_1_284' title='bbox 978 4483 1196 4600; x_wconf 84' lang='lat' dir='ltr'>sigillatam,</span> <span class='ocrx_word' id='word_1_285' title='bbox 1225 4513 1354 4570; x_wconf 88' lang='lat' dir='ltr'>coram</span> <span class='ocrx_word' id='word_1_286' title='bbox 1386 4485 1493 4572; x_wconf 94' lang='lat' dir='ltr'>nobis</span> <span class='ocrx_word' id='word_1_287' title='bbox 1517 4499 1584 4571; x_wconf 89' lang='lat' dir='ltr'>aut</span> <span class='ocrx_word' id='word_1_288' title='bbox 1603 4483 1748 4572; x_wconf 86' lang='lat' dir='ltr'>iudicio.</span> <span class='ocrx_word' id='word_1_289' title='bbox 1764 4499 1895 4570; x_wconf 93' lang='lat' dir='ltr'>nostro</span> <span class='ocrx_word' id='word_1_290' title='bbox 1916 4481 2087 4602; x_wconf 83' lang='lat' dir='ltr'>generali</span> 
     </span>
     <span class='ocr_line' id='line_1_33' title="bbox 460 4599 2088 4720; baseline 0.001 -35"><span class='ocrx_word' id='word_1_291' title='bbox 460 4599 509 4686; x_wconf 88' lang='lat' dir='ltr'>de</span> <span class='ocrx_word' id='word_1_292' title='bbox 530 4631 573 4685; x_wconf 92' lang='lat' dir='ltr'>se</span> <span class='ocrx_word' id='word_1_293' title='bbox 594 4599 873 4714; x_wconf 86' lang='lat' dir='ltr'>querulantibus</span> <span class='ocrx_word' id='word_1_294' title='bbox 895 4601 1160 4719; x_wconf 87' lang='lat' dir='ltr'>respodebunt.</span> <span class='ocrx_word' id='word_1_295' title='bbox 1220 4601 1261 4688; x_wconf 92' lang='lat' dir='ltr'>ln</span> <span class='ocrx_word' id='word_1_296' title='bbox 1286 4632 1444 4720; x_wconf 89' lang='lat' dir='ltr'>quorum</span> <span class='ocrx_word' id='word_1_297' title='bbox 1466 4604 1627 4688; x_wconf 92' lang='lat' dir='ltr'>omnium</span> <span class='ocrx_word' id='word_1_298' title='bbox 1652 4603 1910 4706; x_wconf 88' lang='lat' dir='ltr'>testimonium,</span> <span class='ocrx_word' id='word_1_299' title='bbox 1928 4601 2088 4719; x_wconf 86' lang='lat' dir='ltr'>sigillum</span> 
     </span>
     <span class='ocr_line' id='line_1_34' title="bbox 460 4717 2088 4836; baseline 0.004 -32"><span class='ocrx_word' id='word_1_300' title='bbox 460 4732 628 4805; x_wconf 92' lang='lat' dir='ltr'>nostrum</span> <span class='ocrx_word' id='word_1_301' title='bbox 651 4719 885 4830; x_wconf 88' lang='lat' dir='ltr'>presentibus</span> <span class='ocrx_word' id='word_1_302' title='bbox 907 4734 965 4805; x_wconf 91' lang='lat' dir='ltr'>est</span> <span class='ocrx_word' id='word_1_303' title='bbox 985 4751 1207 4836; x_wconf 89' lang='lat' dir='ltr'>appensum.</span> <span class='ocrx_word' id='word_1_304' title='bbox 1250 4721 1385 4808; x_wconf 86' lang='lat' dir='ltr'>Actum</span> <span class='ocrx_word' id='word_1_305' title='bbox 1411 4725 1609 4828; x_wconf 74' lang='lat' dir='ltr'>cranone,</span> <span class='ocrx_word' id='word_1_306' title='bbox 1631 4721 1723 4806; x_wconf 89' lang='lat' dir='ltr'>leria</span> <span class='ocrx_word' id='word_1_307' title='bbox 1746 4721 1862 4820; x_wconf 82' lang='lat' dir='ltr'>tercia</span> <span class='ocrx_word' id='word_1_308' title='bbox 1885 4735 1975 4835; x_wconf 91' lang='lat' dir='ltr'>post</span> <span class='ocrx_word' id='word_1_309' title='bbox 1993 4717 2088 4811; x_wconf 83' lang='lat' dir='ltr'>diem</span> 
     </span>
     <span class='ocr_line' id='line_1_35' title="bbox 461 4835 2088 4957; baseline -0.002 -34"><span class='ocrx_word' id='word_1_310' title='bbox 461 4835 748 4937; x_wconf 87' lang='lat' dir='ltr'>Pentbecostes,</span> <span class='ocrx_word' id='word_1_311' title='bbox 809 4837 921 4924; x_wconf 83' lang='lat' dir='ltr'>Anno</span> <span class='ocrx_word' id='word_1_312' title='bbox 943 4835 1081 4923; x_wconf 91' lang='lat' dir='ltr'>domini</span> <span class='ocrx_word' id='word_1_313' title='bbox 1123 4837 1323 4931; x_wconf 84' lang='lat' dir='ltr'>lllillesirno</span> <span class='ocrx_word' id='word_1_314' title='bbox 1347 4837 1880 4957; x_wconf 80' lang='lat' dir='ltr'>CGC⁰sexagesimotercio</span> <span class='ocrx_word' id='word_1_315' title='bbox 1924 4837 2088 4922; x_wconf 86' lang='lat' dir='ltr'>Prosen-</span> 
     </span>
    </p>
   </div>
   <div class='ocr_carea' id='block_1_3' title="bbox 0 0 2444 5940">
    <p class='ocr_par' dir='ltr' id='par_1_3' title="bbox 0 0 2444 5940">
     <span class='ocr_line' id='line_1_36' title="bbox 0 0 2444 5940; baseline 0 0"><span class='ocrx_word' id='word_1_316' title='bbox 0 0 2444 5940; x_wconf 95' lang='lat' dir='ltr'> </span> 
     </span>
    </p>
   </div>
  </div>
 </body>
</html>
