4984 5930
1080 713 1300 786 ..3-

385 945 459 1031 que
478 912 526 1000 de
537 911 707 1000 nauibus
728 910 934 998 suluuntur.
990 909 1184 998 Decimam
1205 927 1348 1029 partem
1370 909 1591 1000 demoneta
1610 925 1648 998 et
1667 910 1717 998 de
1735 910 1879 1000 iudiciis
1900 917 2012 1004 totius
2098 913 2105 990 l
2194 947 2202 964 ·
2265 947 2276 972 .

385 1033 641 1148 episcopatus.
698 1025 796 1114 Nulli
817 1057 913 1148 ergo
935 1027 1122 1118 homiuum
1144 1029 1252 1118 liceat
1272 1029 1454 1148 prolatam
1483 1035 1783 1116 Vlotr'ztcueosem
1811 1031 2012 1120 eeclesiam

385 1166 543 1261 temeret
560 1145 801 1266 perturbare,
836 1160 901 1232 aut
936 1149 1017 1245 eius
1051 1149 1320 1264 possessiones
1354 1147 1523 1252 auferre,
1564 1147 1624 1234 uel
1658 1147 1804 1236 ablatas
1840 1151 2012 1256 retinere,

385 1269 563 1370 minuere,
585 1294 653 1354 seu
675 1263 897 1382 quibuslibet
918 1265 1099 1382 molestijs
1118 1265 1290 1382 fatigare.
1331 1263 1411 1352 Sed
1432 1265 1555 1354 omnia
1577 1281 1852 1354 conseruentur
1871 1297 2012 1372 eorum,

385 1413 454 1502 pro
476 1413 634 1502 quorum
655 1381 927 1470 sustentatione
947 1396 984 1470 et
1003 1385 1278 1502 guhematjone
1298 1413 1486 1472 concessa
1507 1399 1612 1490 sunt,
1639 1384 1769 1472 usibus
1790 1385 2013 1474 omnimodis

385 1503 597 1622 profutura:
638 1499 746 1588 salue
778 1499 882 1588 sedis
917 1501 1127 1618 apostolice
1160 1503 1395 1590 auctoritate.
1456 1502 1497 1588 Si
1532 1531 1606 1618 qua
1640 1504 1754 1621 igitur
1787 1503 1823 1589 in
1852 1504 2012 1592 luturum

385 1618 642 1708 ecclesiastica
663 1616 894 1704 secularisua
914 1647 1098 1736 persona,
1119 1617 1218 1706 hanc
1238 1635 1369 1708 nostre
1390 1620 1662 1708 constitutionis
1679 1622 1858 1742 paginam
1874 1623 2010 1725 sciens,

386 1750 517 1824 contra
542 1765 626 1821 eam
652 1751 791 1822 temere
811 1735 939 1822 venire
960 1739 1213 1855 temptaverit,
1241 1735 1411 1826 secundo
1433 1739 1591 1826 tertiove
1611 1739 1856 1844 commonita,
1886 1741 2013 1828 sinon

385 1853 704 1972 presumptjonem
726 1882 832 1938 suam
855 1883 1026 1974 congrua
1047 1856 1304 1972 satislactjone
1321 1857 1535 1944 correxerit:
1556 1857 1763 1972 potestatis,
1784 1855 2013 1976 honorisque

386 1973 443 2088 suj
481 1971 660 2088 dignitate
696 1985 843 2076 careat,
883 2003 1063 2090 reamque
1095 2004 1139 2060 se
1174 1973 1301 2062 diuino
1337 1972 1472 2060 iudicio
1508 1975 1668 2062 existere
1714 1974 1762 2060 de
1800 1989 2014 2090 perpetrata

385 2090 575 2206 iniquitate
605 2103 837 2206 cognoscat,
868 2106 905 2178 et
933 2091 1234 2180 esacratissimo
1264 2121 1428 2210 corpore
1456 2119 1504 2178 ac
1532 2091 1717 2210 sanguine
1739 2091 1875 2177 domini
1897 2092 2014 2180 nostri

224 2225 230 2240 ’
385 2207 476 2295 lesu
500 2205 638 2294 Christi
658 2205 779 2294 aliena
800 2205 883 2312 hat,
912 2223 1024 2327 atqua
1044 2209 1079 2295 in
1101 2225 1268 2299 extremo
1289 2211 1457 2296 examine
1478 2207 1643 2296 districtc
1663 2207 1790 2326 ultjoni
1806 2207 2011 2298 subiaceat

389 2325 543 2412 Cunctis
570 2341 694 2410 autem
724 2323 845 2411 cidem
872 2327 959 2414 loco
986 2357 1056 2414 sua
1085 2328 1165 2414 iura
1191 2327 1429 2415 sernentibus
1451 2328 1497 2414 sil
1517 2355 1592 2446 pax
1614 2325 1752 2414 domini
1773 2329 1891 2416 nostri
1917 2327 2012 2416 Jesu

388 2443 549 2530 Christi:
581 2455 765 2558 quatenus
788 2455 825 2528 et
844 2442 904 2530 hio
924 2446 1081 2532 lructum
1103 2446 1202 2534 bone
1221 2446 1380 2648 actponis
1401 2445 1607 2562 percipiant
1627 2457 1665 2530 et
1684 2443 1785 2562 apud
1807 2445 2013 2536 districtum

342 2691 351 2714 ι
388 2561 548 2648 iudicem
570 2557 711 2676 premio
732 2573 859 2646 eterne
879 2563 986 2677 pacis
1006 2563 1204 2650 inueniant.
1244 2561 1405 2650 AlEN.
1445 2559 1609 2650 AltEN.
1649 2561 1810 2651 AltlEN.

749 2983 786 3083 ”a
846 2997 934 3117 Ego
965 2997 1161 3134 Eugenius
1192 2999 1387 3088 Catholioe
1426 2997 1601 3089 Ecclesie
1628 2997 1844 3118 Episcopus
1870 3001 2016 3114 („Bene

763 3086 788 3219 ἕ
847 3126 982 3204 ootete”
1014 3149 1048 3204 m
1080 3120 1429 3240 monogrammate).

490 3569 632 3709 †Ego
652 3575 797 3662 lmarus
818 3573 1055 3662 Tusculanus
1075 3573 1292 3693 Episcopus
1312 3573 1384 3685 (¹⁰).
1436 3569 1470 3692 †
1490 3571 1581 3688 Ego
1600 3573 1801 3662 Hubaldus
1821 3575 2016 3664 Preshiter

392 3691 605 3780 Cardinalis
626 3693 715 3782 tituli
737 3694 878 3780 Sancte
899 3689 1098 3779 Praxedis.
1135 3687 1170 3812 †
1191 3691 1279 3812 Ego
1300 3693 1497 3780 Arihertus
1518 3693 1713 3780 Preshiter
1734 3691 1943 3782 Cardinalis
1964 3695 2014 3780 tit.

390 3809 429 3896 S.
452 3811 656 3900 Anastasie
672 3807 742 3921 (¹¹).
793 3805 828 3926 †
848 3804 937 3927 Ego
964 3809 1083 3898 Julius
1109 3809 1244 3898 Presh.
1271 3809 1481 3900 Cardinalis
1502 3813 1554 3898 til.
1576 3811 1617 3897 S.
1638 3811 1818 3900 Marcelli.
1870 3807 1904 3929 †
1925 3809 2015 3929 Ego

388 3925 612 4016 Bernartius
643 3929 776 4016 Presh.
807 3927 1018 4016 Cardinalis
1041 3931 1089 4016 tit.
1115 3930 1156 4014 S.
1180 3928 1395 4021 Clementis.
1445 3924 1589 4047 †Ego
1608 3928 1802 4016 Jordanus
1824 3928 2017 4015 Preshiter

316 4133 319 4138 Α
390 4045 600 4132 Cardinalis
628 4049 676 4134 tit.
705 4049 745 4134 S.
772 4048 961 4133 Susanne.
1004 4041 1158 4250 &Ego
1187 4045 1305 4136 Oddo
1331 4047 1526 4134 Diaconos
1557 4043 1768 4134 Cardinalis
1793 4045 1834 4130 S.
1857 4044 2016 4162 Georgii

390 4162 438 4248 ad
460 4162 582 4250 velum
602 4194 767 4250 aureum.
818 4160 974 4281 †Ego
1045 4167 1239 4252 ctavianus
1268 4166 1376 4251 Diac.
1400 4162 1514 4249 Card.
1537 4163 1578 4248 S.
1600 4160 1771 4248 Nieholai
1791 4163 1826 4250 in
1850 4163 2017 4250 Carcerc

491 4429 542 4512 (¹⁰)
563 4428 655 4516 Apud
668 4429 904 4493 Domalcrieium
915 4428 987 4492 etin
999 4447 1100 4512 opere:
1114 4427 1322 4505 „Prauant
1335 4425 1480 4492 Summl.’'
1490 4435 1536 4493 est
1545 4428 1681 4494 Linarus.
1696 4425 1859 4513 Perparam
1870 4429 2016 4494 Muratori

390 4521 475 4577 uocat
488 4533 557 4578 eum
572 4515 739 4578 Jomurum.
766 4513 854 4598 ltpud
870 4511 1059 4578 Harduinum
1074 4515 1107 4578 P.
1118 4515 1167 4579 lV.
1179 4514 1212 4578 T.
1222 4513 1274 4578 Vl.
1290 4511 1492 4580 Conciliorum
1507 4513 1561 4579 ool.
1578 4511 2016 4600 computationemque

391 4595 525 4680 ejusdem
540 4599 653 4674 aetatis,
667 4605 799 4673 uocatur,
814 4598 858 4662 uti
874 4605 904 4664 at
919 4600 949 4663 in
964 4605 1066 4662 nostra
1080 4597 1190 4674 tabula,
1204 4598 1344 4662 Ymarus.
1924 4663 1929 4672 ,

492 4681 515 4764 (¹
524 4680 542 4764 ¹)
563 4679 713 4768 hymarus
727 4681 758 4746 in
773 4701 864 4767 opere
876 4701 940 4748 suo.
953 4679 1126 4759 „Foedera”
1140 4683 1183 4766 (Τ.
1198 4685 1229 4764 1.)
1244 4682 1373 4748 afferens
1386 4681 1498 4748 bullam
1511 4681 1645 4769 ejusdcm
1660 4681 1760 4767 Papae
1776 4701 1803 4745 a.
1818 4681 1897 4746 1147
1913 4681 1944 4745 in
1955 4701 2017 4768 qua

391 4785 496 4830 omnes
512 4764 589 4843 lere,
612 4767 664 4851 qui
680 4766 710 4830 in
725 4775 841 4844 nostra,
861 4773 1057 4832 recensentur
1078 4766 1268 4844 Gordinales,
1290 4765 1361 4850 legit
1375 4767 1521 4844 Aritium,
1542 4785 1622 4854 quae
1636 4773 1738 4831 tamen
1753 4765 1840 4831 lartio
1855 4765 1941 4829 nobis
1955 4787 2017 4830 non

391 4849 507 4915 videtur
522 4869 589 4915 esse
603 4849 801 4936 approbanda.
