4896 5926
1032 685 1418 804 -rs-'

339 925 506 1018 muralis
520 927 709 1016 vsuscitata
728 927 886 1016 moten'a
906 929 1122 1048 questionis
1143 927 1295 1020 unllam
1314 957 1384 1049 per
1402 927 1644 1020 honorabiles
1664 933 1769 1022 viros
1784 933 1976 1048 Abbatem

340 1045 484 1136 scilicet
516 1056 556 1132 at
590 1043 789 1134 custodem
828 1061 960 1136 sancte
998 1027 1121 1136 Maria
1161 1045 1299 1138 ὸοωυε
1320 1045 1663 1136 'wratislaviensis
1698 1047 1840 1154 ordinis
1871 1053 1973 1142 berti

339 1162 400 1252 Au
479 1162 558 1265 tini,
639 1162 723 1252 ibus
743 1162 842 1252 dicta
863 1191 983 1252 causa
1003 1191 1074 1282 per
1092 1163 1358 1253 Venerabilem
1385 1178 1529 1280 patrem
1556 1165 1744 1257 domium
1772 1168 1974 1285 Gydoncm

340 1281 405 1370 litu
418 1281 430 1368 i
444 1280 577 1370 sancti
662 1281 801 1396 urencij
830 1282 867 1368 in
892 1279 1036 1370 Lucirm
1057 1281 1319 1400 presbyterum
1340 1279 1598 1390 Cardinalem,
1627 1283 1838 1401 apostalice
1867 1287 1972 1378 sedis

338 1397 510 1533 legatum
535 1397 740 1534 commissa
769 1399 909 1504 luerat,
946 1398 1067 1486 taliter
1095 1413 1155 1488 est
1179 1399 1321 1516 sopita:
1349 1398 1461 1533 'quod
1488 1431 1560 1490 nos
1587 1401 1760 1490 videlicet
1786 1405 1973 1494 amicabili

339 1513 1972 1766 ttttttlltl'tttalttttpltttttltltttlutlttttlll

386 1749 481 1840 ‘mus
515 1765 574 1839 cst
613 1751 649 1838 in
684 1749 941 1840 Pentecosten
974 1751 1245 1870 quinquaginta
1279 1779 1451 1858 marcas,
1487 1751 1680 1840 secundus
1714 1753 1751 1840 in
1783 1751 1843 1842 dia
1870 1753 1972 1844 beati

321 1903 324 1914 ·
387 1867 474 1957 cobi
507 1866 671 1987 apostoli
708 1867 978 1988 quinquaginta
1013 1893 1184 1974 marcas,
1221 1868 1358 1956 tercim
1393 1869 1648 1958 innatiuitata
1677 1867 1815 1958 domini
1844 1873 1972 1990 proxi-

338 2008 402 2076 m'o
441 2001 620 2092 uenuua,
650 1985 697 2074 in
737 2015 813 2106 quo
853 1999 1001 2074 centum
1041 2013 1192 2074 marcas
1231 1985 1493 2104 persoluamus
1533 1986 1665 2076 eidem.
1722 1987 1972 2080 Promisimus

341 2103 459 2191 eciam
487 2101 588 2192 dicto
616 2100 812 2224 Episcopo
842 2103 1027 2192 ciuitatem
1056 2105 1093 2190 in
1122 2108 1277 2216 unoquo
1311 2109 1551 2192 chakmarb
1578 2105 1733 2198 lassatis
1762 2119 1800 2190 et
1823 2105 1973 2240 plancis

339 2221 494 2331 munire
514 2220 618 2340 quod
638 2223 671 2312 si
691 2250 767 2310 non
787 2222 998 2327 lecerimus,
1019 2235 1169 2310 centum
1188 2249 1340 2311 marcas
1360 2222 1502 2310 usualis
1522 2221 1682 2342 argenti,
1702 2223 1740 2308 in
1759 2219 1972 2342 Epiphania

339 2337 478 2426 domini
506 2339 678 2456 proximo
707 2354 881 2445 uentura,
917 2353 1126 2428 memorato
1157 2335 1351 2456 Episcopo
1379 2337 1652 2457 persoluemus.
1700 2337 1794 2428 Item
1826 2339 1972 2430 incolas
2069 2445 2073 2450 ¹

337 2457 573 2574 antiquarum
593 2455 761 2541 uillarum
783 2453 1113 2546 Wladislauiensis
1131 2469 1171 2543 et
1190 2454 1465 2544 Cruauicieasis
1485 2455 1742 2562 ecclesiarum,
1763 2471 1837 2544 mm
1859 2453 1974 2576 Epis.

339 2571 446 2690 copi,
476 2599 587 2688 quam
617 2571 915 2676 Canonicorum‚
944 2601 968 2658 a
999 2571 1197 2658 Ciuitatum
1224 2586 1262 2658 et
1287 2570 1509 2659 Castrorum
1530 2572 1692 2660 omnium
1713 2571 1973 2680 edificacione,

339 2705 377 2778 et
411 2685 659 2824 expedicione
694 2688 816 2794 omni,
855 2701 982 2806 preter
1017 2684 1273 2776 defensionem
1317 2691 1477 2800 Caynm'e
1512 2703 1673 2794 tantum,
1714 2701 1752 2776 et
1786 2688 1836 2777 ab
1871 2693 1971 2780 omni

340 2834 547 2896 exaccione
567 2821 605 2894 et
624 2805 803 2938 seruitute
824 2799 1001 2924 qualibet,
1031 2832 1271 2924 quocumque
1290 2805 1441 2891 nomine
1461 2813 1698 2908 censeantur,
1727 2803 1972 2915 absoluimus,

341 2939 378 3012 et
412 2925 697 3126 inperpetuum
732 2921 870 3010 bberas
906 2951 996 3010 esse
1030 2921 1216 3010 uolumus.
1275 2919 1435 3038 Insuper
1469 2919 1591 3009 nullus
1624 2919 1875 3054 palatinorum
1909 2925 1970 3013 uel

341 3040 468 3131 Castel
484 3069 658 3144 anorum,
684 3069 753 3128 seu
774 3039 931 3128 aliorum
953 3037 1203 3158 quorumlibet
1221 3035 1384 3124 iudicum
1404 3037 1645 3144 secularium,
1674 3039 1818 3128 nantas
1838 3069 1971 3160 supra·

341 3158 523 3246 dictarum
552 3156 721 3244 villarum
750 3187 912 3276 unquam
939 3155 1106 3244 iudicare
1126 3151 1186 3242 uel
1208 3153 1323 3241 citare
1343 3169 1552 3292 presumat:
1582 3169 1819 3274 preterquam
1841 3188 1913 3248 nos
1932 3160 1970 3248 in

343 3277 497 3364 &lamb
516 3276 731 3380 existentes,
758 3289 797 3362 et
815 3301 945 3362 eorum
966 3272 1151 3376 dominos,
1173 3271 1237 3390 qui
1257 3301 1326 3358 eos
1346 3301 1382 3360 m
1402 3272 1576 3360 omnibus
1596 3271 1723 3360 causis
1743 3271 1970 3381 iudicabunt,

339 3408 414 3482 tam
435 3390 656 3512 capitalibus
699 3421 784 3480 uam
805 3391 964 3494 minutis,
985 3390 1251 3478 nonobstante
1272 3389 1469 3510 priuilegio
1490 3389 1526 3476 in
1544 3395 1690 3502 Spruca
1706 3404 1858 3508 optento
1874 3389 1969 3502 (sic),

341 3541 411 3629 per
437 3507 539 3630 quod
571 3423 796 3597 Casteilanis
825 3509 947 3596 luerat
974 3505 1012 3596 id
1065 3507 1272 3595 ermissum.
1323 3505 1365 3594 Si
1393 3537 1485 3594 uero
1514 3537 1584 3624 per
1611 3503 1831 3614 diuisionem
1861 3523 1970 3612 terre,

340 3627 464 3746 alique
483 3625 569 3732 ‚ville
635 3627 757 3714 edicta
773 3625 954 3714 libertatis
974 3627 1012 3712 in
1028 3539 1227 3712 ‹iomiuium
1243 3617 1306 3739 filij
1323 3625 1441 3712 nostri
1462 3621 1726 3734 Zem.(omislii)
1742 3622 1970 3730 deueneriut,

339 3745 577 3863 promisimus
610 3744 801 3832 ibertatem
823 3739 981 3830 eandem
1002 3743 1188 3830 euincere.
1208 3738 1384 3856 Alioquin
1405 3742 1443 3828 in
1459 3741 1610 3828 totidem
1632 3739 1726 3828 villis
1742 3743 1852 3828 nouis
1868 3743 1970 3860 aqui·

366 3859 552 3950 olentibus
579 3861 614 3950 in
636 3875 767 3949 nostro
794 3859 975 3966 dominio,
1003 3857 1162 3948 eandem
1190 3857 1394 3944 libertatem
1422 3855 1672 3976 obligauimus
1700 3887 1772 3944 nos
1798 3855 1968 3945 daturos.

339 3892 522 4068 i'reterea
541 3976 665 4066 villam
687 3977 735 4064 de
755 3981 907 4066 Scotm'c
927 3977 1089 4064 iunctam
1111 3975 1195 4061 ville
1214 3971 1263 4061 da
1280 3979 1448 4060 Peccono
1461 3969 1515 4084 (³),
1536 3973 1758 4061 contulimus
1774 3971 1917 4089 Episco

340 4107 379 4184 et
399 4095 560 4184 ecclesia
582 4093 892 4185 Wladislauiensi
913 4097 993 4183 iure
1013 4091 1238 4182 hereditario
1268 4090 1544 4208 inperpetuum
1566 4087 1848 4208 possidendam.
1924 4117 1970 4177 ec

340 4213 465 4303 omnia
495 4213 594 4302 bona
624 4211 719 4317 lide,
754 4213 887 4300 iunctis
922 4212 1093 4299 manibus
1130 4207 1365 4304 inmanibus
1401 4206 1607 4325 supradicti
1640 4203 1801 4292 Abbatis
1826 4207 1969 4408 promi·

340 4333 457 4422 simus
487 4329 607 4422 taliter
635 4329 852 4448 adimplere.
904 4325 955 4416 Ut
982 4331 1031 4434 si,
1060 4323 1163 4448 quod
1190 4325 1304 4430 absit,
1335 4324 1458 4410 omnia
1485 4323 1629 4440 prelata
1657 4335 1693 4410 et
1714 4322 1863 4442 singna
1892 4351 1969 4412 non

340 4447 683 4568 adimpleuerimus,
718 4447 927 4536 uoluntaria
961 4471 1034 4532 nna
1068 4441 1294 4532 subiecimus
1327 4441 1729 4528 excommunicacionis
1765 4442 1973 4547 sentencie,

340 4595 409 4684 per
435 4562 668 4686 sepedictum
698 4564 883 4655 Abbatem
921 4564 958 4652 in
985 4591 1056 4652 nos
1086 4559 1287 4666 canonice,
1322 4559 1533 4647 municione
1563 4559 1767 4678 premissa,
1803 4556 1968 4666 larende,

355 4915 359 4924 ,
442 4833 482 4918 t¹t
512 4829 849 4911 mamam,
865 4783 951 4902 iun
964 4779 1106 4914 enarra
1121 4775 1521 4914 arqennmnromu

460 4951 551 5004 rm
561 4951 596 5004 rr.
1767 4937 1800 4994 ,0
