4926 5940
1060 712 1232 788 —441
1291 753 1336 766 -·

1035 1007 1356 1128 'occatam

490 1245 917 1388 modulandae,
945 1267 1101 1343 omaro
1118 1245 1270 1335 1428
1287 1247 1382 1376 dte
1399 1245 1437 1330 8
1455 1247 1654 1384 merente
1679 1249 1893 1390 Murato.

338 1402 345 1413 ⁵
378 1445 603 1525 &amnes
617 1449 791 1542 apocopae
805 1449 1081 1627 Vtadrleulepfirlr
1103 1413 1189 1628 ppei
1210 1449 1412 1640 enpictteptpppr
1424 1449 1502 1525 rllla
1515 1427 1816 1534 badaebrunna
1839 1453 1880 1526 etl
1899 1449 2011 1528 eatam

410 1607 414 1623 .
1045 1571 1104 1626 ene
1145 1571 1210 1634 ‚re
1271 1571 1320 1628 ιιγ
1382 1599 1390 1619 .

480 1741 699 1831 innomine
735 1741 894 1844 domini,
925 1773 1055 1832 amen.r
1100 1741 1163 1830 Ad
1183 1753 1417 1861 perpetuam
1453 1743 1508 1830 rei
1544 1743 1773 1832 memoriam.
1825 1741 1908 1832 Nos
1943 1745 2013 1833 Jo-

377 1859 543 1965 hannes,
573 1860 634 1950 dei
655 1863 789 2064 procia
823 1860 858 1980 Ε
887 1864 1041 1980 isoopus
1079 1859 1429 1968 Wladislauiensis,
1466 1861 1733 1981 Significamus
1765 1877 1895 1950 tenore
1926 1894 2013 1980 pre·

377 1982 562 2082 sancium,
593 1977 654 2091 qui
683 2009 728 2066 us
749 1893 898 2095 expedit
933 1981 1117 2068 vniuersis
1139 1979 1375 2096 presentibus
1406 1995 1442 2066 et
1460 1981 1611 2084 lutaris,
1643 1982 1880 2095 presencium
1918 1982 2011 2069 noti·

376 2099 472 2184 ciam
494 2096 635 2183 babere
654 2097 885 2194 volentibus:
924 2097 1057 2212 Quod,
1076 2099 1149 2186 sub
1169 2096 1463 2186 radribobicionc
1478 2098 1742 2186 venerabilium
1779 2097 2013 2187 dominorum

376 2214 534 2334 Capituli
555 2215 674 2312 nostri
694 2215 1008 2306 wladislauiensis
1030 2231 1067 2302 et
1088 2246 1290 2315 consensu,
1309 2215 1443 2324 bona,
1470 2214 1643 2302 videlicet
1663 2215 1849 2320 decimas,
1882 2247 2012 2336 agros,

374 2331 501 2451 prata,
539 2333 710 2436 borram,
742 2336 878 2439 siluas,
910 2343 1093 2436 nemora,
1115 2333 1302 2446 piscinas,
1333 2331 1608 2444 molendinum,
1640 2363 1714 2450 que
1743 2333 1792 2420 ab
1822 2347 1909 2421 ante
1945 2366 2014 2454 per

375 2449 549 2538 dominos
569 2449 779 2568 Capitulum
799 2449 1007 2568 predictam
1038 2448 1215 2552 attributa
1246 2460 1285 2534 et
1320 2447 1460 2536 donata
1492 2479 1563 2564 pro
1593 2451 1755 2536 ecclesia
1786 2451 2013 2564 parrochiali

374 2570 411 2656 in
432 2573 589 2684 Lodzpa
608 2569 772 2665 luerunt:
803 2567 890 2658 licet
909 2567 1045 2654 eadem
1066 2568 1167 2668 bona
1187 2593 1235 2654 ex
1255 2567 1368 2656 c'erti's
1389 2566 1579 2685 legittimis
1600 2569 1728 2654 causis
1747 2565 1926 2654 blicbaali
1955 2572 2011 2688 ip-

374 2687 453 2775 sius
482 2687 646 2776 ecclesie
677 2687 804 2776 vltimo
834 2687 875 2776 ‘et
902 2686 1103 2775 inmediato
1131 2685 1314 2805 plebano,
1346 2686 1649 2772 mandauerimus
1670 2686 1854 2792 retinera;
1885 2698 2009 2776 maren
2169 2743 2173 2754 ·

374 2807 462 2918 quia
482 2817 570 2926 post
591 2821 746 2894 mortem
768 2807 923 2926 predicti
943 2805 1141 2894 Michaelis
1163 2803 1322 2892 candem
1343 2804 1543 2893 ecclesiam
1565 2801 1717 2890 domino
1748 2803 1940 2894 Stanislao
1961 2804 2011 2894 dc
2052 2879 2056 2891 ,

377 2927 658 3038 Groehowyrlea
679 2924 916 3046 Cappellano
934 2925 1020 3038 (sic)
1040 2924 1142 3012 curie
1162 2937 1292 3012 nostre
1313 2921 1536 3012 donabimus
1566 2919 1643 3034 (ῆι
1677 2953 1789 3040 quam
1819 2921 1918 3012 idem
1939 2922 2009 3014 do·

373 3043 496 3130 minus
517 3041 729 3130 Stanislaus
751 3073 835 3132 oum
858 3044 1011 3132 domino
1031 3042 1160 3147 Petro,
1180 3043 1325 3134 vicario
1344 3057 1528 3160 perpetuo
1544 3041 1839 3128 wladislauiensi
1854 3071 1926 3161 pro
1943 3073 2010 3132 ea·

374 3158 459 3248 dem
481 3161 644 3251 eeclesia
677 3163 748 3250 iarn
771 3161 820 3251 de
840 3163 941 3252 lacto
962 3163 1196 3281 permutauit
1259 3160 1392 3274 Quare
1422 3162 1546 3249 omnia
1578 3173 1615 3246 ct
1645 3159 1793 3280 singula
1814 3159 1915 3247 bona
1937 3191 2009 3279 pro

374 3277 537 3368 ecclesia
559 3281 595 3374 in
615 3285 771 3395 dodzyo
792 3280 982 3400 predicta,
1014 3297 1053 3368 ut
1074 3281 1278 3398 prefertur,
1309 3279 1498 3367 attributa
1515 3293 1552 3366 et
1581 3277 1742 3382 donata,
1773 3279 1930 3366 lecimus
1951 3309 2009 3367 re·

314 3467 318 3476 .
373 3397 472 3485 stitui
494 3429 563 3518 pro
584 3399 740 3506 eadem,
773 3415 811 3487 et
839 3415 969 3488 tenore
996 3400 1235 3517 presencium
1264 3397 1491 3486 restituimus
1521 3411 1559 3484 et
1579 3397 1782 3484 reddimus.
1843 3396 2009 3516 lpsaquo

212 3631 214 3634 v
332 3577 349 3626 ι,
372 3513 493 3624 bona,
523 3515 698 3606 videlicet
718 3516 905 3624 decimas,
936 3548 1077 3637 agros,
1109 3530 1237 3635 prata,
1268 3515 1443 3622 borram,
1474 3516 1611 3614 siluas,
1642 3543 1819 3618 nemora,
1841 3517 2008 3634 piscinas

341 3629 363 3664 '²
373 3631 645 3742 molendinum,
677 3667 750 3757 que
769 3637 821 3724 ab
842 3651 929 3726 ante
949 3635 1001 3725 ad
1022 3637 1159 3724 dictam
1182 3633 1382 3723 ecclesiam
1404 3636 1441 3722 in
1461 3641 1618 3748 Lndayn
1639 3634 1890 3751 pertinebant:
1915 3663 2007 3723 aaa·

371 3747 457 3838 dem
479 3750 727 3843 donacionem
749 3755 994 3846 ratificanles:
1025 3754 1158 3844 eadem
1180 3751 1280 3844 bona
1299 3783 1373 3872 pro
1394 3753 1494 3842 dicta
1516 3755 1679 3841 ecclesia
1709 3753 2007 3871 appropriamus,

370 3869 623 3980 attribuimus,
654 3873 841 3962 donamus
861 3889 900 3962 et
914 3878 1202 3994 incorporamus
1222 3903 1291 3993 per
1305 3887 1513 3993 presentes,
1534 3883 1716 3990 perpetuo
1734 3872 1930 3962 duratura:
1949 3870 2006 3987 ip·

371 3997 502 4106 saque,
521 3991 622 4078 bona
651 3991 701 4079 ad
723 3993 883 4082 eandem
904 3997 1104 4084 ecclesiam
1126 3993 1299 4084 volumus
1321 3994 1536 4107 pertinere·
1568 3990 1610 4074 ln
1632 3989 1738 4073 euius
1759 3986 1814 4070 rei
1839 3987 2005 4075 testimo·

371 4105 491 4210 nium,
528 4115 771 4195 nostramet
806 4111 893 4197 dicti
929 4113 1046 4200 nostri
1083 4110 1234 4228 capituli
1267 4109 1391 4224 sigilla
1429 4106 1666 4224 presentibus
1702 4115 1789 4188 sont
1823 4131 2005 4220 appensa.

370 4224 508 4312 Actum
539 4238 575 4311 et
602 4221 727 4314 datum
758 4227 794 4311 in
815 4243 941 4315 castro
963 4243 1094 4314 nostro
1114 4225 1429 4328 wladislauieosi,
1459 4224 1553 4309 feria
1583 4219 1750 4307 secunda
1779 4219 1815 4304 in
1836 4224 2004 4312 crastino
2048 4231 2053 4242 '

372 4339 486 4437 Oculi
504 4341 603 4472 mei,
621 4372 722 4450 auno
744 4343 883 4433 domini
904 4343 1099 4432 millesimo
1119 4341 1491 4465 quadringentesimo
1511 4339 1691 4426 vicesimo
1714 4353 1863 4426 octauo.
1904 4339 2002 4428 Pre-

471 4589 510 4675 (Ι)
537 4593 583 4660 Ex
600 4593 701 4662 arebat
722 4617 760 4682 po
780 4595 1012 4663 membranaceo
1036 4595 1175 4662 tabularii
1193 4591 1313 4681 capituli
1337 4590 1605 4657 Wladislauiensis.
1641 4587 1792 4656 Taeniolie
1807 4611 1845 4676 pe
1881 4592 2000 4659 amenis

370 4674 431 4742 duo
446 4683 533 4742 erant
547 4678 615 4747 buic
629 4617 892 4769 tabulacapponsa
908 4681 1012 4766 sigilla,
1025 4682 1145 4748 madiae
1159 4681 1430 4778 lormae3quorum
1445 4696 1544 4775 unum
1556 4675 1705 4773 reliquum
1722 4675 1842 4774 ponitus
1876 4677 1999 4744 clauim.

470 4762 512 4844 Ρ)
540 4763 670 4851 Lodeyc
683 4763 770 4832 bodie
785 4765 876 4832 boas
888 4765 1032 4851 oppidum
1047 4767 1187 4844 territorii
1204 4767 1412 4840 Lenacremrs,
1427 4781 1560 4848 regnoara
1575 4761 1778 4845 Zgrerscoasrs
1787 4782 1797 4836 ;
1823 4757 1996 4829 croam

368 4843 426 4912 ako
439 4845 508 4916 ville
521 4851 664 4917 temitorii
678 4851 875 4938 Gujeriensis,
895 4852 1028 4938 regionis
1042 4851 1255 4918 Korralionsio.

488 4953 616 5005 tumult.
1797 4963 1834 5018 55
