4878 5942
1128 737 1402 812 -aoo-

454 946 605 1036 ditatem
626 942 947 1046 adiudicauimus,
969 937 1147 1061 predictis
1168 939 1343 1028 iratribus
1364 951 1549 1026 eteorum
1571 938 1759 1057 legitimis
1781 937 2079 1042 successoribus,

317 1149 320 1157 ,
449 1094 519 1202 pro
542 1065 769 1182 repeticione
790 1061 888 1150 dicte
910 1059 1148 1163 hereditatis,
1179 1074 1398 1176 perpetuum
1421 1057 1612 1144 silencium
1634 1059 1880 1176 imponentes.
1942 1054 1984 1142 ln
2012 1084 2079 1142 eu·

449 1213 508 1271 tus
528 1184 582 1269 rei
604 1181 861 1284 testimonium,
883 1195 1051 1268 nostrum
1073 1179 1105 1263 si
1139 1176 1234 1262 idum
1257 1177 1496 1293 presentibus
1526 1189 1583 1264 est
1614 1205 1833 1294 appensum.
1884 1171 2081 1266 detumet

449 1299 584 1388 datum·
609 1307 739 1404 Brest,
771 1301 808 1386 in
838 1315 974 1388 octaua
996 1297 1095 1386 beati
1107 1207 1263 1383 ilartini
1284 1296 1537 1398 confessoris,
1568 1323 1668 1383 anno
1697 1292 1836 1382 domini
1858 1289 2080 1400 [millesimo]
2161 1318 2165 1326 ¹

454 1417 597 1507 cce:u
616 1417 691 1507 ur
711 1446 827 1508 nono.

1046 1617 1049 1640 '
1183 1627 1353 1746 CCCV.

559 1851 849 1964 Brerttoc,
876 1885 1032 1954 urano
1058 1863 1211 1950 1³6²
1237 1865 1331 1950 atde
1356 1861 1395 1950 2
1422 1865 1622 1950 meraris
1648 1861 1967 1950 Februarii.

453 2036 729 2112 vastanti-aas
750 2033 819 2108 ttax
837 2033 982 2107 totoaiaa
1002 2033 1189 2108 thouaaaio
1212 2034 1272 2108 atri
1291 2033 1483 2107 tarrtataaat
1509 2033 1709 2108 advocatiam
1728 2031 1869 2106 arnum
1898 2027 2080 2106 mantano

450 2139 582 2214 tatarn
596 2138 744 2233 boariae
759 2136 842 2210 aitaa
856 2137 982 2225 renbt,
1002 2137 1121 2232 atjua
1141 2135 1363 2326 ψειῦᾱῶιηῗῧο
1377 2155 1439 2210 non
1452 2137 1597 2228 duamur
1611 2137 1795 2203 Ptottuouo
1817 2136 1852 2208 at
1877 2132 2007 2204 Gostm
2031 2131 2082 2208 da

554 2427 597 2514 ln
619 2426 766 2515 nomine
787 2425 945 2530 domini,
972 2457 1094 2516 amen.
1136 2427 1444 2515 Protestaciones
1466 2427 1672 2545 principum
1694 2425 1781 2514 ideo
1802 2426 2082 2560 conquiruntur,

453 2560 492 2633 ut
509 2545 542 2644 [i
557 2548 618 2642 ne]
632 2545 680 2652 id,
702 2543 803 2657 quod
825 2547 907 2632 ritte
927 2543 978 2650 fit,
1001 2545 1233 2662 procedente
1254 2561 1435 2663 tempore,
1457 2578 1526 2664 per
1546 2545 1756 2663 quempiam
1783 2543 2081 2660 maiierosepos-

454 2665 503 2754 sit
523 2664 669 2780 viodarj.
709 2661 828 2782 igitur
848 2665 995 2753 noverit
1016 2677 1091 2750 tarn
1113 2695 1274 2781 presens
1296 2677 1395 2770 etas,
1428 2689 1539 2776 quam
1561 2665 1692 2750 iutura:
1740 2661 1859 2776 Quod
1880 2692 1950 2749 nos
1968 2661 2082 2748 Kazi·

454 2783 589 2886 miruS,
619 2781 680 2869 dei
700 2781 832 2899 gracia
862 2779 950 2868 Rex
979 2780 1159 2886 Poionie,
1190 2811 1263 2868 nec
1292 2811 1367 2868 non
1389 2797 1569 2869 terrarum
1597 2781 1804 2886 Cracouie,
1836 2778 2084 2883 Sandornirie,

453 2899 624 3004 Siradie,
654 2895 848 3002 Lancicie,
882 2898 1057 3001 Cuiaoie,
1090 2899 1334 3004 pomeranie,
1363 2897 1582 3020 Russieque
1605 2899 1778 2986 dominus
1799 2912 1836 2986 et
1856 2897 1985 3004 heres,
2017 2927 2084 2986 co·

453 3019 554 3104 muni
575 3029 613 3103 et
632 3017 709 3103 utili
730 3017 847 3103 nostri
869 3015 997 3129 Regni
1011 3015 1154 3102 ductus
1176 3020 1423 3124 necessitate,
1448 3017 1684 3113 advocatiam
1706 3016 1756 3103 ad
1779 3032 1946 3104 nostrum
1969 3015 2085 3105 domi·

454 3139 554 3224 nium
576 3147 827 3251 spectantem,
858 3135 894 3220 in
917 3135 1076 3220 Ciuitate
1098 3141 1317 3222 Brzestensi
1334 3150 1465 3223 nostra
1490 3138 1647 3249 interra
1669 3134 1859 3252 Coyavie,
1891 3137 1975 3222 viro
1995 3163 2084 3254 pro·

454 3253 544 3342 vido
565 3251 977 3357 discretoThomnssio,
988 3251 1059 3338 ciui
1077 3265 1208 3341 nostro
1219 3251 1464 3354 Lanciciensi,
1475 3283 1545 3372 pro
1562 3253 1733 3342 ducentis
1749 3255 1956 3371 sexagenis
1972 3283 2084 3372 gros·

454 3401 584 3461 sorum
596 3400 663 3489 pra
696 3367 1179 3490 'ensiumsexaginrhatsiet
1190 3401 1356 3492 grossos
1372 3371 1607 3490 polonicaies
1624 3400 1694 3488 pro
1712 3365 2084 3490 quotibetCapetef)

455 3401 728 3606 pomperanio,
749 3487 985 3576 vendidimus
1005 3517 1054 3576 ae
1073 3487 1310 3576 vendendam
1334 3488 1507 3578 duximus
1528 3520 1597 3606 per
1617 3504 1836 3609 presentes,
1857 3489 1927 3578 sibi
1947 3501 1985 3577 et
2005 3489 2085 3578 suis

456 3608 558 3694 veris
588 3603 790 3693 heredibus
819 3621 857 3693 et
883 3607 1173 3695 successoribus
1203 3607 1412 3728 legitimis,
1437 3610 1524 3726 jure
1552 3606 1780 3697 hereditario
1802 3609 1838 3694 in
1862 3621 2084 3727 perpetuum

454 3721 675 3824 tenendam,
705 3721 941 3828 donandam,
972 3724 1290 3828 commutandam,
1312 3725 1547 3815 vendendam
1568 3757 1616 3815 ac
1636 3723 1907 3843 possidendam
1928 3755 2000 3846 pro
2017 3755 2084 3814 sua

455 3858 494 3931 et
514 3871 670 3928 suorum
691 3869 959 3930 successorum
989 3842 1180 3930 voluntate
1210 3843 1525 3953 convertendam,
1586 3875 1671 3931 cum
1699 3843 1965 3962 proventibus,
1996 3843 2082 3932 red-

455 3959 592 4049 ditibus
613 3973 650 4046 et
669 3957 885 4046 utilitatibus
905 3959 1163 4078 infrascriptis.
1223 3959 1354 4050 Primo
1375 3961 1548 4050 videlicet
1567 3962 1719 4052 babebit
1740 3959 1873 4049 eadem
1904 3961 2085 4052 Advoca-

456 4079 515 4167 cia
536 4077 620 4192 (sie)
652 4091 689 4165 et
715 4077 773 4164 sui
801 4107 1052 4195 possessores
1082 4079 1246 4198 quinque
1272 4079 1431 4169 macella
1457 4083 1645 4194 carnium,
1678 4096 1838 4200 quatuor
1867 4109 2016 4170 marcas
2037 4079 2085 4168 de
2138 4112 2143 4121 ·

337 4189 347 4297 ξ
454 4199 642 4316 pretorio,
673 4193 775 4308 quod
797 4196 932 4284 dicitur
945 4205 1159 4305 fluctuent,
1182 4213 1258 4285 tres
1278 4229 1430 4288 marcas
1451 4199 1500 4288 de
1522 4231 1639 4288 censu
1660 4198 1860 4304 artificiali,
1890 4231 1961 4289 sex
1981 4229 2086 4286 man·

455 4344 524 4408 sos
544 4315 683 4403 liberos
703 4315 944 4404 franconicos
968 4317 1005 4404 in
1025 4317 1176 4435 antiqua
1198 4317 1347 4406 ciuitate
1372 4348 1528 4406 numero
1558 4318 1684 4409 debite
1714 4333 1973 4426 mensuratos,
2005 4345 2086 4404 mo-

456 4431 646 4522 lendinum
665 4433 703 4519 in
722 4437 991 4549 Lupyewnylcy,
1013 4448 1126 4553 prout
1146 4465 1246 4523 nunc
1267 4452 1335 4542 est,
1351 4437 1411 4525 vei
1427 4467 1496 4556 per
1511 4439 1629 4556 ipsius
1651 4437 1934 4558 providenciam
1963 4437 2086 4526 reior-

559 4613 601 4699 (¹)
628 4615 675 4682 Er
696 4616 870 4704 apographo
948 4618 987 4685 od
1007 4617 1085 4686 libro
1106 4641 1199 4687 manu
1219 4620 1330 4706 scripto
1349 4619 1440 4708 rotgo
1457 4619 1585 4688 Mettica
1606 4622 1706 4707 Regni
1726 4621 1824 4696 dicto,
1848 4620 1879 4687 in
1893 4619 2087 4688 Varaariami

347 4695 353 4708 ’
454 4699 604 4769 tabulario
618 4699 738 4784 publico
753 4701 850 4786 Regni
867 4666 909 4770 i’o
920 4703 1009 4768 oniae
1025 4715 1180 4772 asseruato
1195 4708 1351 4776 N'0XV11
1366 4725 1394 4790 p.
1409 4705 1470 4772 aot
1487 4705 1633 4773 inscrtum
1649 4715 1710 4784 est,
1732 4707 1928 4792 descriptum.

559 4783 597 4868 (²)
629 4781 744 4882 dopo,
761 4788 892 4885 ‚coneum
915 4789 1047 4874 capedo,
1069 4801 1189 4878 napata,
1210 4814 1256 4872 aa,
1276 4789 1421 4860 vocabula
1437 4811 1454 4856 e
1472 4811 1544 4882 voce
1558 4791 1696 4880 polonica
1710 4792 1807 4880 tropa,
1829 4811 1909 4880 quaa
1924 4807 2086 4858 numerum

460 4888 692 4959 magenarium
705 4867 857 4957 designat,
879 4871 1018 4939 formata.
1547 4923 1549 4927 -
