4926 5940
1145 711 1319 792 -424
1374 755 1418 771 -

466 927 576 1016 dictis
597 923 681 1014 villa
705 929 796 1010 Orto
817 933 855 1008 et
875 921 1114 1040 pertinencqs
1134 949 1213 1007 surs
1234 947 1429 1022 vuuersrs,
1446 945 1470 1002 a
1490 928 1661 1035 tempore
1682 917 1927 1034 spoliaoioois
1947 949 2094 1008 earnm·

468 1047 555 1134 dem
587 1044 672 1134 ville
703 1047 795 1130 Orle
823 1057 862 1128 et
881 1040 1194 1157 pertinenciarum
1215 1069 1262 1125 ac
1282 1036 1465 1125 dictarum
1494 1036 1653 1123 latarum
1683 1039 1961 1124 sentenciarum
2003 1042 2096 1128 citra

468 1164 675 1284 perceptis
696 1189 767 1248 nec
788 1191 865 1246 non
885 1157 933 1245 de
954 1159 1193 1277 septuaginta
1214 1155 1367 1244 lloreuis
1388 1154 1468 1240 auri
1488 1153 1538 1239 de
1558 1183 1712 1260 camera
1732 1154 1831 1272 bonj-
1845 1169 1883 1241 et
1903 1158 1988 1246 iusti
2003 1187 2098 1274 pon·

468 1282 588 1377 deris,
619 1281 656 1366 in
677 1278 812 1399 quibus
832 1277 1257 1393 racione-expensarum
1288 1275 1324 1360 in
1346 1272 1445 1360 dicta
1477 1301 1595 1360 causa
1619 1301 1690 1389 pro
1711 1287 1819 1388 parte
1840 1275 2006 1362 eiusdem
2029 1276 2098 1365 do·

469 1402 556 1488 mirri
576 1398 759 1516 Episcopi
778 1397 981 1500 luctarum,
1002 1424 1070 1510 per
1088 1395 1256 1512 prelatos
1277 1391 1469 1478 dominos:
1498 1390 1710 1477 Jobanuem
1731 1390 1781 1476 de
1803 1398 1925 1499 Meto,
1955 1393 2099 1482 doban-

274 1597 277 1608 .
340 1627 343 1634 Ι
470 1549 555 1606 nem
577 1514 818 1631 Gundissaluj
841 1526 877 1600 et
900 1513 1133 1600 Contzonem
1158 1511 1207 1598 de
1228 1517 1357 1598 Zwolc
1376 1509 1588 1612 auditores,
1619 1525 1659 1595 ut
1680 1497 1715 1594 in
1737 1508 1847 1598 dictis
1868 1511 1982 1599 literis
2002 1541 2098 1632 apo·

470 1637 628 1740 stoliciS,
670 1663 718 1721 ec
753 1630 1161 1746 condempnacionibus
1197 1645 1237 1718 ct
1270 1627 1533 1715 taracionibus
1569 1626 1805 1732 earumdem,
1846 1631 2100 1720 instrumentis

470 1754 628 1873 publicis
651 1751 815 1865 desuper
834 1750 1015 1837 conlectis
1046 1748 1165 1836 lacius
1186 1749 1413 1851 continetur,
1445 1746 1667 1834 successiue
1699 1746 1995 1865 condempnatus
2016 1752 2099 1837 exi·

470 1873 554 1978 stis,
576 1901 648 1959 nec
668 1901 745 1958 non
766 1869 814 1955 de
835 1867 967 1956 decem
989 1867 1144 1955 llorenis
1164 1869 1245 1985 aurj
1268 1881 1304 1953 et
1325 1863 1504 1982 ponderis
1520 1863 1774 1980 predictorum
1823 1895 1868 1954 ro
1889 1867 2100 1955 huiusmodi

470 1989 591 2078 literis
617 1986 949 2089 executorialibus,
981 2001 1018 2073 et
1037 1987 1202 2103 presenti
1232 1997 1364 2073 nostro
1398 2011 1584 2102 processu
1614 2013 1682 2100 per
1712 1895 1873 2071 eundem
1910 1983 2100 2073 dominum

471 2107 705 2224 Episcopum
727 2135 795 2192 scu
817 2104 897 2190 eius
917 2105 1066 2190 nomine
1087 2103 1287 2219 expositis:
1317 2102 1368 2188 ad
1390 2131 1488 2218 quos
1517 2099 1666 2222 quidem
1688 2100 1819 2188 decem
1840 2101 2011 2192 llorenos
2032 2105 2100 2191 hu·

339 2259 343 2268 ·
474 2224 635 2311 iusmodi
668 2223 796 2308 literas
823 2236 860 2307 et
880 2249 1102 2337 processum
1130 2219 1369 2330 taxa(uimus)
1399 2233 1437 2306 et
1457 2231 1630 2306 taxamus
1658 2248 1727 2338 per
1752 2236 1968 2330 presentes:
1991 2222 2100 2338 jura·

472 2356 601 2429 mento
635 2355 759 2426 tamen
790 2338 1046 2455 procuratoris
1082 2340 1198 2456 ipsius
1234 2337 1373 2425 domini
1408 2337 1576 2456 episcopi
1597 2336 1724 2424 debito
1746 2336 1859 2424 modo
1880 2337 2098 2428 subsecuto:

471 2460 624 2577 plenam
643 2473 681 2544 et
700 2455 872 2542 debitam
884 2456 1186 2543 satisfaccionem
1208 2456 1414 2572 impendas
1435 2469 1501 2542 aut
1519 2457 1662 2542 interim
1684 2468 1721 2542 te
1741 2457 1985 2545 amicabiliter
2000 2485 2100 2546 com·

474 2605 597 2696 ponas
627 2605 711 2662 cum
741 2573 888 2661 eodem.
940 2573 1100 2690 insuper
1133 2603 1330 2662 monemus
1360 2573 1475 2668 modo
1506 2589 1543 2660 et
1568 2575 1688 2658 forma
1718 2577 1933 2691 premissis,
1964 2589 2003 2663 et
2028 2577 2100 2662 sub

472 2693 1075 2814 planisexcommunicationum),
1105 2721 1177 2778 vos
1197 2692 1486 2795 inhabitatores,
1519 2690 1665 2778 incolos
1691 2692 1791 2802 (sic),
1821 2691 2099 2800 emendatores,

472 2811 790 2914 vindemiatores,
804 2809 1255 2914 colonos,.decimatores
1275 2825 1312 2897 et
1331 2808 1569 2897 laboratores
1590 2809 1818 2914 antedictos,
1845 2826 2029 2929 quatenus
2050 2809 2101 2899 de

472 2942 604 3016 cetero
627 2942 713 3047 post
739 2927 1062 3044 presentacionem
1091 2927 1456 3014 ctnotillcacionem
1487 2957 1534 3014 ac
1564 2927 1837 3014 intimaoionem
1864 2929 2099 3046 presencium

475 3047 585 3134 uobis
606 3077 674 3134 seu
694 3045 799 3132 alteri
819 3059 986 3133 vestrum
1006 3046 1146 3150 lactas,
1178 3044 1226 3132 de
1248 3046 1433 3132 uniuersis
1468 3062 1503 3133 et
1537 3045 1696 3164 singulis
1729 3047 1911 3133 lructibns
1932 3113 1942 3134 .
1964 3111 1973 3133 .
1995 3041 2004 3132 ζ
2025 3114 2035 3133 .
2057 3115 2067 3134 .
2089 3113 2098 3135 .

473 3165 737 3282 prouentibus,
753 3163 901 3281 juribus
922 3177 960 3250 et
979 3164 1285 3266 obuencionibus,
1306 3164 1511 3252 occasione
1532 3163 1713 3251 dictarum
1735 3163 1823 3254 ville
1845 3169 1936 3252 Orle
1956 3177 1994 3253 et
2013 3194 2100 3284 per·

475 3284 716 3370 tinenoiarum
745 3280 940 3369 soluendis
970 3295 1007 3367 et
1034 3281 1327 3398 respondendis,
1358 3283 1504 3399 prelato
1534 3281 1686 3370 domino
1713 3279 1909 3401 Episcopo
1929 3283 1990 3374 vel
2021 3284 2101 3372 eius

476 3399 643 3518 legitimo
663 3401 900 3518 procuratorj
923 3401 1071 3486 nomine
1092 3429 1183 3508 suo,
1210 3416 1248 3487 et
1267 3429 1341 3488 non
1364 3401 1507 3516 prelato
1530 3400 1645 3487 Petro
1666 3401 1807 3488 lllstbie
1828 3401 2101 3519 respondeatis,

477 3547 525 3604 ac
545 3517 707 3605 debitam
729 3519 961 3606 solucionem
984 3518 1217 3636 impendatis,
1240 3535 1277 3607 et
1297 3519 1449 3638 quilibet
1468 3533 1631 3606 vestrum
1648 3519 1865 3636 (impendat)
1887 3519 2036 3607 realiter
2065 3534 2102 3608 ct

477 3663 562 3722 cum
583 3637 730 3738 ellectu.
779 3636 993 3723 lnhibemus
1023 3637 1176 3752 insuper
1203 3637 1313 3724 vobis
1334 3638 1507 3726 omnibus
1528 3649 1565 3722 et
1586 3635 1744 3756 singulis
1765 3637 2009 3755 supradictis,
2032 3639 2102 3726 sub

476 3753 586 3871 panis
607 3767 645 3838 et
663 3754 864 3867 sentencijs
879 3753 1140 3868 infrascriptis,
1161 3787 1210 3842 ne
1228 3755 1376 3868 prelato
1397 3753 1549 3842 domino
1568 3752 1766 3873 Episcopo
1785 3757 1845 3842 vel
1865 3757 2102 3874 procuratorj

478 3899 549 3958 suo
570 3871 651 3957 eius
671 3868 840 3974 nomine,
871 3872 1069 3988 quominus
1090 3871 1307 3988 supradicte
1328 3871 1516 3958 diffinitiue
1537 3875 1726 3960 sentencie
1745 3890 1781 3961 et
1802 3872 1905 3960 litere
1924 3873 2102 3992 apostoli-

475 4019 524 4076 ce
544 3987 670 4076 debite
691 3987 909 4104 execucionj
933 3986 1225 4092 demandentur,
1246 3988 1353 4078 etad
1375 3992 1656 4107 possessionem
1678 3990 1941 4109 (corporalem)
1960 3987 2102 4078 realem

444 4175 450 4186 .
478 4122 516 4196 et
535 4107 720 4196 actualem
741 4104 840 4193 dicte
858 4105 945 4197 ville
969 4111 1061 4194 Orle
1079 4137 1164 4194 cum
1185 4107 1267 4224 alijs
1287 4105 1401 4205 villis,
1432 4108 1536 4214 lacu,
1567 4110 1740 4226 piscinis,
1762 4107 1992 4211 molendinis,
2013 4109 2101 4197 bor·

478 4226 551 4330 ris,
582 4253 699 4344 gays,
730 4222 885 4312 decimis
905 4239 942 4312 et
961 4227 1201 4344 pertinencijs
1221 4226 1426 4332 uniuersis,
1458 4226 1554 4312 idem
1577 4225 1750 4314 dominus
1771 4229 1976 4345 episcopus
1995 4227 2102 4314 resti·

478 4357 603 4430 toatur
622 4355 662 4428 et
680 4343 949 4461 reintegretur,
980 4371 1029 4430 ao
1050 4343 1118 4430 sibi
1140 4343 1189 4430 dc
1211 4344 1384 4431 omnibus
1405 4357 1443 4431 et
1461 4345 1621 4464 singulis
1642 4345 1826 4432 dictarum
1846 4344 1931 4431 ville
1954 4349 2046 4431 Ort·
2064 4358 2103 4432 et

481 4461 792 4576 pertinentiarum
813 4460 994 4546 fructibus
996 4525 1165 4566 ......
1187 4461 1450 4580 prouentibus,
1475 4464 1625 4579 juribus
1647 4479 1684 4552 et
1703 4463 2000 4551 obuencionibus
2019 4463 2102 4550 vni·

480 4579 618 4681 uersis,
650 4592 687 4663 et
716 4575 765 4664 de
792 4577 901 4666 dictis
930 4579 1108 4694 expensis
1141 4591 1180 4664 et
1206 4579 1386 4666 fructibus
1450 4582 1629 4698 erceptis,
1653 4609 1741 4670 nec
1768 4611 1846 4670 non
1863 4581 2102 4670 corenam

479 4694 634 4781 summis
654 4692 779 4781 debita
800 4705 838 4781 at
857 4693 1024 4814 plenaria
1045 4697 1260 4784 satisfaccio
1282 4609 1532 4816 impenditur,
1553 4713 1591 4786 et
1611 4701 1809 4816 quominus
1829 4701 1955 4787 omnia
1975 4715 2012 4788 et
2026 4699 2103 4788 sin·

479 4808 570 4931 gula
590 4809 808 4928 supradicte
828 4837 935 4900 suum
957 4812 1119 4903 debitsm
1141 4817 1354 4904 sorcianttur
1373 4829 1411 4903 et
1429 4831 1714 4936 consequantur
1731 4815 1925 4923 ellectum,
1949 4813 2104 4935 turpant
