4926 5940
1084 702 1360 774 -419-

416 901 748 1004 messueritis,
778 902 885 1002 lacu,
911 902 1083 1018 piscinis,
1114 899 1355 1004 molendinis,
1387 901 1532 1006 burris,
1563 930 1682 1018 gays,
1713 900 1869 988 decimis
1888 914 1928 988 et
1946 901 2044 1020 ali(js

412 1020 652 1155 pertinencijs
692 1019 946 1138 oc)cupatori,
977 1019 1226 1132 omnibusque
1246 1018 1330 1138 alijs
1351 1033 1389 1106 et
1408 1019 1590 1138 singulis,
1610 1045 1769 1136 quorum
1789 1019 1961 1127 interest,
1985 1021 2043 1108 uel
2120 1089 2122 1094 .

411 1137 599 1242 intererit,
630 1162 804 1255 qxuosque
826 1139 1100 1256 infrascriptum
1122 1137 1243 1256 tangit
1261 1138 1482 1256 negocium,
1512 1166 1582 1224 seu
1602 1151 1761 1256 tangere
1781 1137 1918 1252 poterit
1948 1169 2043 1256 quo·

409 1254 618 1346 modolibat
640 1255 878 1362 infuturum,
899 1254 1197 1368 quibuscumque
1218 1255 1430 1344 nominibus
1451 1269 1697 1358 censeantur,
1726 1267 1792 1340 aut
1816 1280 2042 1368 quacunque

412 1373 651 1510 prefulgeant
671 1372 864 1490 dignitate,
885 1373 1034 1480 Petrus,
1057 1371 1190 1462 eadem
1210 1374 1344 1492 gracie
1361 1371 1587 1491 (Episcopus
1603 1369 1870 1484 etExecutor).
1882 1371 1971 1510 ..gd
1987 1374 2043 1461 in·

410 1493 629 1608 trascripta,
651 1520 726 1578 una
747 1521 832 1578 cum
853 1493 1110 1610 infrascriptis,
1131 1492 1270 1580 nostris
1291 1493 1327 1579 in
1347 1491 1422 1580 hac
1442 1507 1549 1608 parte
1570 1491 1730 1612 collegis
1751 1521 1835 1578 cum
1857 1490 1925 1578 illa-
1939 1489 2043 1578 clau-

411 1611 514 1697 sula:
546 1607 746 1722 Quatenus
773 1639 845 1698 vos
874 1610 935 1698 vel
962 1609 1038 1697 duo
1068 1623 1133 1696 aut
1160 1640 1256 1698 unus
1280 1623 1446 1699 vestrum
1469 1639 1537 1726 per
1554 1597 1626 1698 uus
1646 1609 1708 1698 vel
1727 1609 1838 1696 alium
1860 1639 1928 1696 seu
1945 1608 2041 1696 elios

408 1740 501 1816 etc:
531 1726 669 1816 asede
689 1729 899 1845 apostoliea
921 1727 1133 1845 specialiter
1153 1724 1373 1846 deputatus,
1406 1728 1574 1815 Salutem
1596 1729 1631 1815 in
1653 1727 1806 1816 domino
1828 1743 1865 1814 et
1885 1725 2042 1814 manda·

410 1847 457 1933 tis
478 1845 615 1937 nostris
636 1845 859 1952 huiusmodi,
882 1876 969 1962 ymo
997 1848 1124 1933 uerius
1144 1845 1381 1963 apostolicis,
1401 1844 1554 1934 firmiter
1575 1846 1749 1934 obedire:
1781 1843 1927 1932 Literas
1957 1875 2043 1934 exc·

411 1963 613 2053 cutoriales
633 1963 669 2048 in
689 1963 809 2050 forma
823 1971 962 2078 peteme
983 1979 1221 2082 nuncupatas
1252 1966 1479 2052 sanctissimi
1511 1966 1547 2052 in
1578 1962 1729 2052 Christo
1761 1964 1878 2081 patris
1915 1977 1952 2050 et
1972 1960 2042 2048 do·-

411 2081 498 2168 mini
519 2080 637 2168 nostri
657 2079 796 2169 domini
826 2081 987 2186 Martini,
1020 2081 1143 2170 diuina
1173 2081 1418 2198 prouidencia
1439 2111 1538 2198 pape
1559 2082 1694 2195 quinti,
1726 2083 1808 2168 eius
1828 2108 1921 2167 vera
1941 2077 2042 2167 bulla

379 2307 380 2310 p
410 2197 586 2316 plumbea
606 2197 844 2315 impendente
864 2231 948 2287 eum
969 2199 1127 2288 cordula
1148 2201 1322 2318 canapis,
1354 2230 1460 2287 more
1480 2229 1637 2289 romane
1658 2200 1762 2288 curie
1781 2197 1960 2298 bullataS,
1981 2224 2042 2284 sa·

409 2343 483 2406 nas
503 2332 540 2404 et
554 2317 742 2434 integras,
774 2348 850 2404 non
870 2319 1049 2421 viciatas,
1081 2347 1157 2402 non
1178 2317 1429 2422 cancellatas,
1461 2348 1536 2403 non
1556 2317 1737 2422 abrasas,
1769 2347 1891 2434 neque
1918 2315 1955 2400 in
1975 2313 2042 2400 ali·

410 2460 486 2551 qua
516 2435 573 2520 sui
604 2448 710 2550 parte
740 2449 958 2551 suspectus,
991 2431 1059 2518 sed
1088 2433 1188 2518 omni
1218 2461 1376 2548 prorsus
1405 2433 1504 2520 uicio
1531 2448 1569 2518 et
1596 2435 1811 2548 suspicione
1847 2423 2041 2536 carentes,

410 2549 520 2640 nubis
542 2580 610 2668 pru
633 2563 740 2667 parte
770 2550 969 2637 reuerendi
990 2549 1105 2664 petris
1127 2547 1266 2636 domini
1285 2547 1490 2653 lobannis,
1510 2547 1692 2666 Episcopi
1713 2548 2043 2636 Wladislauiensis

412 2667 627 2787 principalis
647 2669 819 2768 infrasori
848 2671 890 2770 ti,
911 2670 947 2754 in
968 2667 1076 2753 dietis
1098 2668 1211 2754 literis
1231 2665 1451 2786 apostolicis
1472 2665 1722 2786 principaliter
1742 2665 1934 2768 nominati,
1955 2695 2041 2781 pre-

410 2801 600 2892 sentatas,
631 2816 762 2874 coram
794 2699 952 2875 lllrtarin
980 2785 1129 2903 publico
1160 2800 1196 2872 et
1226 2785 1383 2872 testibus
1403 2783 1649 2900 infrascriptis
1670 2812 1741 2869 nos
1763 2811 1846 2867 enm
1869 2811 1935 2882 ea,
1964 2810 2040 2896 qua

369 2957 371 2964 >
410 2905 552 3011 decuit,
570 2906 803 2992 reuerencia
825 2907 1003 2992 noueritis
1023 2904 1228 3021 recepisse.
1292 2899 1464 3017 Quarum
1485 2901 1634 3015 quidem
1656 2902 1842 2990 literarum
1865 2913 2040 2988 executo-

409 3024 547 3110 riarum
569 3025 650 3134 (sic)
681 3039 789 3112 tenor
809 3023 857 3110 de
876 3023 995 3112 uerbo
1016 3021 1237 3108 adverbum
1258 3023 1446 3140 sequitur,
1479 3036 1517 3108 et
1537 3034 1596 3108 est
1615 3019 1715 3108 talis:

511 3141 697 3229 Martinus
726 3143 931 3258 episcopus
958 3171 1093 3228 seruus
1123 3169 1321 3228 seruorum
1348 3140 1420 3227 dei.
1469 3137 1687 3228 Venerabili
1721 3137 1825 3225 fratri
1845 3132 2041 3252 Episcopo

361 3333 365 3338 .
409 3257 618 3361 Electeusi,
641 3276 678 3348 et
697 3257 843 3348 dilectis
864 3259 964 3378 frlijs:
988 3259 1182 3376 preposito
1205 3258 1454 3366 uneouiensis,
1475 3289 1523 3346 ac
1543 3255 1692 3343 decano
1713 3251 2040 3358 crusclruiciensis,

409 3379 638 3498 meroensis
659 3393 697 3465 et
715 3377 1029 3466 wladisteniensis
1051 3375 1226 3482 diocesis,
1263 3376 1526 3480 ecclesiarum,
1557 3375 1714 3462 salutem
1737 3388 1774 3460 et
1793 3370 2040 3490 apostolicam
2096 3414 2097 3417 κ

410 3496 728 3585 benediccionem.
789 3497 934 3584 Petieio
955 3496 1177 3583 venerabilis
1198 3495 1321 3582 fratris
1342 3495 1459 3583 nostri
1479 3493 1678 3595 lobannis,
1704 3491 1885 3608 Episcopi
1906 3485 2040 3576 wledi·
2196 3565 2206 3585 ,

412 3612 610 3703 slauieusis
638 3615 748 3704 nobis
777 3615 940 3702 exhibita
969 3614 1199 3718 continebat,
1231 3612 1355 3730 quod,
1386 3613 1471 3702 licet
1500 3610 1692 3731 quondam
1712 3610 1902 3697 Henricus
1923 3621 1959 3694 et
1979 3603 2039 3720 alij

411 3732 492 3820 eius
513 3731 822 3850 predecessores,
842 3731 1026 3851 Episcopi
1049 3731 1407 3840 Wladislauienses,
1429 3733 1491 3848 qui
1511 3733 1661 3819 fuerunt
1680 3759 1750 3846 pro
1767 3741 1954 3846 tempore,
1976 3721 2039 3808 vil·

409 3848 483 3938 lam
508 3855 618 3952 Orle,
640 3852 955 3942 Wladislauiensis
983 3847 1169 3953 diocesis,
1201 3881 1284 3938 cum
1307 3851 1494 3941 nonnullis
1534 3850 1617 3967 alijs
1648 3847 1761 3951 villis,
1793 3847 1896 3950 lacu,
1928 3839 2040 3958 pisci·
2169 3945 2178 3954 .

410 3969 490 4074 nis,
529 3967 783 4076 molendinis,
799 3971 942 4059 burris,
973 3967 1073 4089 gaijs
1109 3968 1156 4057 illi
1192 3968 1473 4072 adiacentibus,
1504 3998 1552 4056 ac
1577 3967 1733 4053 decimis
1762 3978 1800 4049 et
1819 3962 1903 4078 alijs
1927 3955 2039 4076 perti·

329 4153 331 4158 -
409 4086 553 4201 nencijs
580 4087 764 4176 uniuersis
789 4091 826 4176 in
857 4103 958 4174 terra
988 4088 1231 4206 Cuigauiensi
1260 4087 1362 4198 (sic),
1392 4087 1428 4173 in
1449 4083 1617 4170 districtu
1639 4080 1808 4190 eiusdem
1832 4077 1917 4167 ville
1948 4080 2040 4162 orte

409 4203 723 4307 consistentibus,
753 4219 791 4292 et
808 4203 859 4290 ad
881 4231 1051 4290 mensam
1072 4203 1327 4318 episcopalem
1356 4200 1698 4288 Wladislauiensem
1728 4197 1906 4316 legittime
1926 4193 2039 4312 perti·
2163 4259 2165 4272 .

409 4321 599 4420 uentibus,
631 4322 786 4424 racione
806 4319 967 4408 ecclesie
989 4317 1302 4407 Wladislauiensis
1322 4335 1359 4406 et
1381 4348 1509 4406 mense
1530 4317 1758 4435 episcopalis
1779 4314 1967 4431 predicte,
1988 4309 2038 4396 ab

386 4440 496 4527 ,olim
525 4440 732 4529 tenuissent
757 4453 795 4526 et
822 4435 1084 4556 possedissent
1108 4435 1267 4555 pacifice
1288 4452 1326 4525 et
1346 4437 1491 4557 quiete;
1524 4451 1646 4525 tamen
1667 4435 1806 4524 Petrus
1825 4431 1969 4520 Mathis
1990 4426 2039 4514 de

245 4611 252 4616 -
409 4561 625 4672 Lapatcwo,
642 4558 705 4676 qui
725 4587 769 4645 se
789 4557 889 4676 gerit
908 4585 978 4674 pro
999 4554 1159 4670 custode
1174 4555 1336 4645 ecclesie
1355 4556 1631 4674 posnaniensis,
1647 4553 1744 4645 falso
1763 4580 1944 4644 asserens
1958 4544 2037 4633 dic-

281 4723 286 4728 .
410 4689 486 4762 tam
521 4677 645 4768 villam
669 4681 762 4765 Orle
789 4705 874 4762 cum
901 4675 1014 4780 villis,
1044 4673 1149 4780 lacu,
1179 4675 1350 4794 piscinis·
1380 4671 1622 4776 molendinis,
1651 4657 1795 4766 bernis,
1823 4668 1942 4873 palis,
1972 4661 2037 4750 de.

410 4793 517 4883 cimis
537 4807 575 4882 et
593 4793 677 4912 alys
696 4794 936 4912 pertinencys
950 4792 1134 4884 uniuersis
1150 4792 1201 4881 ad
1215 4824 1259 4882 se
1274 4805 1460 4911 spectare:
1481 4791 1681 4882 ecclesiam
1694 4791 1830 4881 wledis
1844 4811 2036 4875 curensem

1320 4937 1332 4959 Δ
1835 4933 1882 4991 ⁸³!
