4896 5926
1033 731 1309 806 -ttt-

196 933 229 974 ·’
298 1011 303 1028 ,
352 939 569 1046 piesomccz
589 925 665 1042 (²),
695 929 797 1018 bona
825 926 1023 1018 Ecclesiae
1052 931 1327 1048 permittemus,
1357 943 1395 1018 et
1414 928 1536 1047 quod,
1565 930 1662 1020 sicut
1680 929 1730 1020 ab
1750 931 1850 1022 initio
1872 935 1987 1024 extitit
2077 907 2089 994 l

358 1051 622 1155 observatum,
650 1047 831 1136 Cenoma
861 1045 1045 1136 dictarum
1071 1045 1328 1138 Ecclesiamm
1348 1047 1457 1140 uillas
1481 1045 1680 1138 Ecclesiae
1702 1048 1921 1156 limitabunt,
1951 1067 1988 1142 et

358 1164 463 1372 *uod
493 1164 632 1254 nullam
661 1166 895 1254 exactionem
924 1165 962 1254 in
989 1165 1099 1254 bonis
1126 1163 1347 1271 Ecclesiae,
1381 1163 1441 1256 vel
1468 1167 1702 1285 petitionem,
1738 1183 1813 1258 tam
1842 1170 1987 1287 injure

392 1283 593 1374 euthonico
613 1313 726 1402 quam
745 1282 944 1391 Polonico,
971 1283 1163 1390 laniamus,
1183 1284 1246 1373 uel
1266 1285 1376 1372 etiam
1397 1283 1641 1402 imponemus,
1661 1287 1758 1374 sicut
1777 1315 1849 1376 nec
1868 1289 1987 1374 nostri

358 1400 683 1520 praedecessores
711 1399 810 1488 baec
835 1401 1024 1506 lacerum,
1058 1431 1132 1488 nec
1158 1401 1261 1490 bona
1293 1399 1552 1490 Ecclesiarum
1583 1401 1766 1492 dictarum
1796 1405 1832 1492 in
1862 1404 1988 1522 aliquo

357 1516 910 1724 bfff‘llifflffiel.¹⁸⁰ll⁶⁵¹.¹¹¹⁵·
939 1517 1123 1607 Volumus
1139 1521 1262 1722 atiajm
1282 1518 1385 1655 quod
1401 1521 1572 1656 canonici
1592 1521 1761 1656 homines
1783 1521 1987 1664 existentes

358 1667 532 1874 tlt,
552 1636 1987 1886 mtttttttnttttt,“lttlttt‘t'tttttttltttlt

358 1873 479 1960 sentia
502 1870 677 1990 judicari.
727 1869 914 1958 Volumus
940 1872 1071 1978 efiam,
1099 1872 1203 1990 quod
1224 1874 1257 1960 si
1277 1871 1464 1962 meuel
1485 1873 1741 1989 cuiuscunque
1764 1872 1988 1962 conditionis
2077 1888 2081 1897 '

357 1988 471 2078 bomo
483 1991 647 2094 existat,
675 2019 723 2078 ex
742 1999 980 2092 testamento,
1007 1989 1067 2080 vel
1089 1990 1323 2096 interrivos,
1343 1991 1480 2078 mobile
1500 1991 1559 2078 vel
1581 1989 1767 2078 immobile
1787 1989 1988 2079 Ecclesiae

358 2107 574 2204 donaverit,
635 2105 713 2194 uctl
740 2103 816 2194 hoc
842 2106 987 2194 firmum
1017 2121 1056 2194 et
1081 2107 1213 2196 stabile
1243 2123 1479 2222 perseveret,
1509 2137 1580 2196 neo
1608 2108 1644 2194 ln
1673 2106 1749 2196 boc
1777 2107 1987 2196 Ecclesium

358 2225 539 2428 illlam
569 2139 764 2428 VVJW'
797 2225 871 2310 imo
904 2239 958 2428 u'l'
974 2222 1290 2427 donatumbepud
1325 2226 1455 2358 ipsam·
1479 2238 1691 2359 remaneat,
1728 2227 1815 2314 tutis
1847 2224 1988 2312 uiribus
2070 2315 2075 2351 Ι,
2115 2341 2119 2352 1

357 2356 670 2662 struent
687 2373 727 2542 n
747 2357 934 2660 ruunt?
949 2339 1988 2662 'sterneremaneretr÷r⁰tetlt
2061 2384 2069 2417 ’

393 2603 572 2680 cesares,
602 2605 637 2661 m
686 2601 817 2658 uerum
865 2603 948 2660 onis
968 2603 1078 2660 rnven
1120 2603 1142 2659 a
1184 2602 1289 2659 uenn
1324 2603 1371 2660 vc
1406 2601 1478 2660 exo
1539 2603 1581 2678 e,
1611 2603 1660 2660 vo
1676 2605 1783 2662 umus
1829 2607 1872 2663 er
1899 2591 1987 2662 etuo

228 2677 229 2682 Ν
357 2720 565 2780 remanere.
614 2605 868 2784 Prbmittimus
897 2690 1025 2796 etiam,
1053 2689 1155 2801 quod
1183 2691 1528 2777 excommunicatos
1555 2691 1728 2780 volumus
1757 2693 1794 2778 in
1803 2607 1987 2778 ¹lumibibus

358 2809 503 2900 actibus
532 2808 705 2927 legitimis
726 2807 895 2911 evitare,
924 2823 962 2896 et
987 2808 1020 2910 si
1040 2807 1137 2894 ultra
1164 2835 1303 2894 aunum
1332 2809 1369 2894 in
1389 2807 1772 2899 excommunicatione
1792 2807 1988 2911 lacuerint,
2069 2803 2078 2849 ''

358 2929 459 3016 bonu
485 2926 890 3014 excommunicatorum
916 2939 1047 3012 nostro
1067 2923 1162 3012 fisco
1180 2923 1472 3042 applicabimus,
1502 2921 1775 3012 satisfacientes
1802 2921 1988 3042 Ecclesijs
2107 2997 2111 3006 r

358 3043 408 3132 dc
427 3043 584 3150 eisdem,
607 3057 720 3161 prout
738 3041 799 3131 vel
818 3043 855 3130 in
876 3055 1016 3156 quanto
1037 3043 1108 3160 ipsi
1128 3043 1439 3130 excommunicati
1459 3041 1606 3129 lucrant
1626 3041 1799 3158 ecclesijs
1820 3040 1987 3160 obligati.

357 3163 613 3252 Promittimus
639 3162 750 3249 etiam
777 3159 898 3249 dictas
923 3159 1110 3248 ecclesias
1137 3173 1269 3248 contm
1299 3189 1429 3248 earum
1456 3158 1644 3248 indebitos
1672 3159 1886 3248 turbatores
1906 3175 1988 3248 toto

358 3309 474 3399 posse
508 3279 708 3384 adiuuare,
748 3291 788 3366 et
820 3305 895 3396 ope
927 3291 1081 3366 nostrae
1115 3279 1305 3396 potentiae
1337 3276 1498 3366 fideliter
1532 3274 1742 3366 defensare.
1801 3275 1989 3364 Volumus

324 3511 330 3518 Ι
358 3400 487 3500 mium,
517 3395 619 3510 quod
639 3425 788 3500 omnes,
817 3397 879 3507 qui
904 3395 1072 3484 decimas
1102 3407 1293 3500 tenentur,
1323 3395 1407 3483 illas
1435 3393 1655 3512 persolvant
1679 3393 1922 3513 integraliter,
1949 3394 1991 3480 in
2090 3486 2094 3494 ,

359 3516 520 3631 campis,
541 3514 574 3604 si
592 3513 704 3606 uillae
722 3513 826 3602 luris
845 3511 1017 3602 Polonici
1036 3514 1188 3620 tuerint,
1218 3515 1251 3600 si
1271 3525 1395 3600 eutem
1417 3511 1658 3619 Teuthouici,
1688 3510 1898 3600 lllaltlrates
1919 3539 1989 3627 per
2074 3557 2083 3579 ·

359 3632 524 3722 modium
545 3629 602 3745 (³)
631 3644 670 3720 et
694 3643 905 3749 argentum
958 3631 1001 3717 Si
1029 3645 1154 3719 autem
1183 3661 1253 3750 per
1280 3629 1505 3718 adiutorium
1535 3629 1801 3720 venerabilium
1830 3629 1987 3716 Patrum

360 3750 533 3870 superius
552 3750 847 3852 nominatorum,
876 3777 925 3838 ac
949 3747 1206 3838 Ecclesiamm
1232 3747 1457 3852 earundem,
1484 3746 1637 3868 Regias
1656 3747 1833 3834 luerimus
1853 3745 1988 3834 inlulas
2076 3747 2088 3812 i

360 3866 563 3985 assequuti,
580 3865 815 3956 Cancellaria
834 3865 897 3956 Rc
928 3867 964 3954 ni
983 3865 1419 3984 pecesPoznanienscm
1434 3863 1706 3982 Episcopatum
1726 3878 1909 3979 papaten
1929 3889 1986 3948 rc·
2063 3889 2076 3938 t

335 3985 533 4090 *manebit
552 3986 630 4074 assi
663 3985 759 4074 uatis
773 3985 843 4072 subi
858 3895 1038 4072 rebitibus
1054 3984 1123 4096 (sic
1157 3983 1260 4071 iuxta
1280 3983 1466 4103 quaslibet
1480 3983 1660 4086 civitates,
1678 3979 1742 4065 ubi
1758 3979 1987 4095 frequentius
2065 4028 2074 4060 ι.

360 4131 444 4191 cum
466 4118 596 4192 nostra
617 4014 732 4191 tlbnm
753 4103 953 4222 contigerit
972 4130 1045 4190 nos
1065 4102 1258 4188 remorun'.
1309 4101 1445 4188 Actum
1472 4097 1657 4186 stolatum
1682 4097 1719 4182 in
1742 4099 1901 4184 costum
1920 4093 1988 4206 (⁴),

460 4417 500 4504 (²)
529 4417 671 4484 Officium
692 4414 819 4482 uehendi
840 4414 906 4481 eine
927 4413 1065 4480 mercede
1086 4421 1272 4480 commeatus
1293 4411 1435 4478 militibus
1455 4412 1640 4478 necessarios
1654 4409 1868 4477 nominabatur
1881 4409 1986 4477 Rota.
2028 4425 2039 4458 n

359 4505 394 4569 ln
416 4503 597 4568 dictionariis
618 4499 836 4586 antiquioribus
858 4499 979 4584 linguae
1000 4499 1157 4584 polonicus
1177 4506 1208 4564 et
1229 4497 1261 4562 in
1281 4497 1399 4562 Bielscii
1420 4517 1514 4582 opere
1534 4494 1687 4584 „Spem
1700 4493 1878 4580 Ryccrslrie”
1891 4515 1921 4580 p.
1935 4496 1987 4571 tu,

360 4594 545 4652 commeatus
608 4591 746 4651 aerentes
767 4591 912 4650 uocantur
932 4581 1103 4669 tramea
1145 4589 1177 4648 et
1196 4587 1380 4648 commeatus
1401 4579 1581 4668 conquirere
1595 4581 1741 4668 picowat.
1779 4577 1848 4645 Vid.
1870 4577 1987 4648 Cracti:

360 4692 400 4748 „0
413 4668 478 4736 Le.
493 4605 674 4734 seoVn.”
689 4668 723 4732 r.
737 4670 760 4734 1.
774 4689 803 4753 p.
816 4667 880 4732 aaa
895 4673 966 4734 noe
983 4668 1063 4733 nor
1078 4629 1123 4732 el
1138 4688 1183 4753 pr.

473 4757 486 4796 ³
577 4752 846 4837 udltaczyllscium
861 4759 920 4818 est:
934 4751 1147 4850 permodicus

461 4753 501 4920 l‘l
528 4759 668 4904 Elimas
680 4835 864 4921 (Coetentmrl
878 4835 1022 4922 oppedum
1037 4835 1069 4902 in
1082 4837 1124 4902 u.
1137 4835 1175 4902 D.
1189 4831 1386 4900 Poenaniensi
1401 4831 1501 4898 situm.
