4878 5942
1023 749 1326 846 .-m-p

372 957 635 1062 confirmetur,
666 983 756 1072 quo.
773 983 987 1045 canescens
1016 957 1220 1094 antiquitas
1249 955 1378 1073 sepius
1407 953 1532 1049 valeat
1559 957 1747 1044 renouari.
1807 955 1906 1050 Hine
1933 935 2001 1070 est,
2124 993 2126 998 ’
2213 939 2216 946 ’

424 1093 464 1166 ot
483 1077 566 1190 (sic)
584 1106 655 1164 nos
671 1072 917 1178 wladislaus,
932 1073 993 1160 dei
1008 1101 1140 1194 gructa
1162 1075 1239 1162 dux
1258 1073 1426 1190 Cuyauie
1442 1088 1479 1162 et
1494 1073 1668 1162 dominus
1684 1073 1999 1187 Gueulrovicnsis,

402 1196 498 1283 iuine
529 1193 731 1282 relacionis
758 1191 1015 1281 misericordia
1042 1208 1185 1300 tactus,
1231 1192 1282 1280 ob
1311 1206 1522 1308 respectum
1551 1221 1599 1278 ue
1631 1194 1826 1310 peticionis
1861 1199 2001 1286 strenui

371 1311 494 1402 militis
507 1311 646 1400 domini
661 1309 845 1425 Moscicij‚
863 1309 1026 1430 pallatini
1043 1311 1346 1400 Gnevlrouicnsis
1363 1309 1481 1396 nostri
1495 1223 1630 1418 teletis,
1650 1312 1835 1400 aclinutus
1849 1315 1933 1426 (sic)
1948 1317 1999 1404 in·

371 1461 488 1550 super
502 1427 844 1548 supplicacionibus
860 1431 1083 1519 venerabilis
1100 1429 1167 1516 viri
1184 1427 1478 1533 dominilaeobi,
1491 1429 1669 1546 prepositi
1680 1429 1900 1550 blonasterij
1912 1431 2000 1522 Plo·

370 1549 514 1653 censis,
544 1579 619 1634 uno
649 1579 733 1634 cum
756 1545 937 1634 Grimilda
959 1549 1139 1667 magistra
1162 1559 1198 1634 et
1219 1546 1414 1634 sororibus
1436 1547 1496 1634 sui
1515 1561 1745 1652 conuentus,
1776 1546 1850 1636 deo
1881 1549 1997 1640 deuo·

370 1669 417 1756 tis
436 1659 664 1784 uirginibus,
697 1664 747 1755 ob
768 1679 898 1752 nostre
918 1666 1040 1752 auiure
1060 1664 1218 1764 salutem
1258 1678 1296 1752 et
1325 1679 1540 1754 nostrorum
1561 1667 1723 1752 omnium
1745 1665 1997 1784 predecesso-

369 1813 474 1888 rum,
511 1797 706 1900 parentum
740 1798 777 1872 et
812 1811 1101 1894 suceessorum,
1117 1873 1121 1882 ,
1140 1783 1214 1870 iam
1242 1782 1343 1872 dicto
1372 1783 1522 1872 lacobo
1543 1785 1737 1902 preposito
1759 1799 1796 1872 ct
1817 1785 1998 1878 Griroilde

369 1906 561 2022 magistre,
583 1931 657 1988 una
678 1931 763 1990 oum
784 1902 980 1992 sororibus
1002 1902 1125 1990 tocius
1145 1902 1205 1990 sui
1225 1916 1446 2006 corruamus,
1467 1900 1608 1990 ordinis
1625 1907 1995 2020 premonstratensia,

370 2016 420 2108 de
440 2050 542 2108 mera
564 2020 753 2108 uoluntate
774 2034 904 2107 nostra
925 2033 962 2108 et
983 2033 1197 2110 nostrorum
1218 2017 1401 2108 baronum
1428 2018 1478 2108 de
1498 2049 1708 2126 consensu,
1740 2023 2000 2114 concessimus

372 2151 412 2226 et
430 2136 648 2248 indulsimus
676 2138 798 2226 uillam
830 2138 995 2254 ipsorum
1030 2144 1243 2228 Ostreoonr
1270 2137 1466 2256 wlgariter
1485 2152 1737 2256 nuncupatam
1759 2136 1840 2250 (2),
1871 2142 1906 2228 in
1927 2141 1999 2236 lus

370 2254 641 2344 Tbeutonicum
662 2287 731 2344 seu
753 2253 1038 2376 bleyborgense
1058 2255 1259 2345 locandam
1273 2270 1311 2343 et
1329 2256 1380 2344 ad
1403 2287 1493 2346 usus
1514 2286 1608 2344 suos
1625 2257 1821 2346 uberiores
1836 2288 1999 2348 corruere

369 2371 543 2480 tendam3
574 2372 707 2462 dantes
737 2373 905 2461 Seulteto
936 2367 1104 2462 eiusdem
1131 2375 1217 2464 ville
1252 2387 1384 2462 'omues
1411 2403 1550 2460 causas
1578 2389 1650 2461 tour
1672 2404 1855 2492 magnas,
1886 2405 2000 2494 quam
2118 2387 2120 2392 ’

369 2519 531 2610 paruas,
563 2483 750 2608 quainter
771 2489 917 2578 incolas
938 2491 1105 2608 predicte
1125 2490 1210 2600 villa
1232 2493 1463 2610 contingunt,
1486 2491 1564 2578 iure
1579 2489 1813 2580 Tbeutooico
1830 2493 1998 2583 iudican-

370 2607 426 2706 di,
448 2623 486 2709 et
506 2637 642 2724 penas,
673 2638 748 2726 que
779 2607 937 2724 bijsdem
967 2607 1113 2724 iudiciis
1138 2610 1380 2724 contingunt,
1410 2607 1641 2726 percipiendi
1672 2609 1820 2725 plenam
1841 2641 1889 2698 ec
1910 2642 1998 2729 per·

370 2725 531 2814 bennam
552 2725 777 2814 facultatem.
810 2727 985 2814 Ceterum
1008 2725 1202 2846 sepedicta
1222 2725 1309 2814 villa
1333 2731 1544 2814 Ostrooons
1564 2725 1674 2812 nobis
1695 2739 1733 2812 et
1752 2728 1890 2814 uostris
1911 2758 1998 2828 sue·
2082 2822 2089 2836 ‚
2190 2732 2193 2740 '

371 2843 590 2934 sessoribus
610 2844 769 2963 singulis
791 2844 921 2952 aunis,
943 2846 1097 2934 racione
1117 2860 1333 2950 nostrorum
1353 2843 1497 2934 Jurium
1517 2841 1713 2948 duculum,
1735 2843 1909 2932 videlicet
1929 2870 1998 2962 po·
2072 2837 2089 2912 ⁴³

372 2971 454 3067 dne,
470 2995 654 3076 perorna,
685 2995 823 3069 creone
843 2981 879 3050 et
898 2971 1023 3068 vulne,
1055 2978 1093 3052 et
1121 2963 1277 3073 aliorum
1310 2991 1631 3082 quorumcumque
1659 2976 1737 3076 tres
1766 2975 1916 3050 mareas
1937 2963 1997 3054 die

370 3081 470 3182 beati
500 3079 650 3168 lllartini
679 3079 830 3170 soluere
858 3096 1043 3170 teneatur.
1104 3081 1286 3169 Preterea
1316 3081 1489 3168 volumus
1520 3083 1655 3184 eciam,
1688 3095 1728 3167 ut
1748 3081 1999 3184 uniuersalem
2072 3171 2079 3198 q

369 3211 470 3286 terre
485 3197 692 3304 collectam,
706 3208 980 3316 quaporedlne
994 3229 1141 3288 nuuceu
1170 3199 1355 3309 atur(sie)‚
1371 3199 1480 3286 uobis
1497 3213 1534 3285 et
1550 3199 1689 3286 nostris
1710 3200 2000 3290 suecessoribus
2069 3195 2166 3296 's'

369 3315 510 3421 soluat,
541 3317 639 3406 sicut
653 3316 725 3404 alie
741 3316 825 3410 ville
845 3331 1058 3408 uestrorum
1080 3230 1168 3429 (siel
1187 3333 1224 3404 et
1242 3314 1628 3406 Beronumtenentur
1649 3318 1765 3428 nostri
1788 3315 1939 3404 dominii
1960 3320 1997 3406 in
2025 3293 2094 3400 s

369 3435 548 3522 districtu.
579 3433 826 3525 Absoluimus
846 3437 965 3524 eciam
987 3450 1025 3524 et
1044 3435 1246 3534 liberamus
1271 3465 1392 3555 agros
1423 3450 1459 3522 et
1479 3434 1721 3542 lrmetbones,
1752 3436 1813 3552 qui
1836 3433 1999 3524 ecclesie
2054 3525 2061 3538 ,

369 3551 586 3669 supradicte
607 3552 692 3639 ville
716 3558 926 3642 Ostrouunr
946 3555 1184 3672 contingunt„
1215 3555 1265 3640 ab
1285 3554 1458 3642 omnibus
1478 3553 1734 3642 solucionibus
1747 3583 1862 3668 supra
1879 3554 1998 3640 nomi·

368 3671 478 3760 natis.
514 3669 565 3758 Ut
584 3685 707 3758 autem
729 3671 801 3759 beo
821 3684 954 3760 nostra
973 3673 1179 3788 solempnis
1200 3672 1403 3760 concessio
1425 3686 1460 3780 et
1483 3667 1641 3758 indulsio
1664 3671 1887 3759 inviolabilis
1908 3698 1996 3788 per·

369 3803 539 3893 moeret,
567 3805 768 3992 presentes
789 3789 904 3894 scribi
924 3803 963 3878 et
982 3793 1099 3878 nostri
1121 3789 1232 3907 sigilli
1253 3789 1453 3878 munimine
1472 3791 1647 3876 iussimus
1668 3788 1853 3876 roborari.
1905 3790 1997 3876 Pre-

368 3907 537 3994 sentibus
593 3908 638 4024 ijs
659 3907 827 4012 testibus,
856 3907 1067 4019 subditibus
1089 3909 1171 4020 (sie)
1192 3910 1332 3996 uostris
1353 3909 1574 3998 subnotatis:
1636 3904 1784 3992 Comite
1808 3903 1997 3992 Mescinio

369 4023 549 4140 pallatino
580 4025 862 4126 Gnevlrouiensi
889 4026 1171 4143 suprascripto,
1208 4024 1354 4112 Thema
1384 4025 1526 4130 iudice,
1564 4021 1752 4110 Pribislao
1781 4021 1996 4126 vexillifero,

366 4139 559 4232 Stanisleu
589 4141 883 4249 subcamerario,
898 4141 1271 4248 'Gnevlrouiensibum
1292 4141 1458 4249 blartino
1480 4139 1686 4228 castellano
1702 4139 1894 4250 Slonensi,
1928 4137 1994 4226 du·
2068 4177 2077 4199 2

368 4261 469 4346 mino
504 4257 621 4344 Petro
656 4274 786 4345 nostre
821 4257 925 4346 eurio
960 4259 1177 4376 capellano,
1214 4273 1252 4343 et
1280 4259 1362 4374 alijs
1400 4287 1510 4376 quam
1569 4255 1707 4342 lurimis
1750 4255 1826 4342 fide
1856 4255 1995 4378 dignis.

260 4389 263 4394 ’
368 4377 504 4464 Actum
522 4390 559 4462 et
574 4374 701 4462 datum
718 4375 754 4463 iu
769 4373 1004 4487 Szorlm'(³)‚
1025 4406 1095 4494 per
1113 4405 1247 4462 manus
1266 4375 1374 4463 Pauli
1395 4375 1513 4462 uostri
1533 4287 1690 4490 dotarij,
1711 4374 1782 4460 sub
1803 4403 1903 4464 anno
1925 4373 1995 4464 do·

368 4495 455 4582 mini
475 4493 532 4582 lll⁰
554 4493 673 4698 ClCC'
694 4493 1010 4614 quiuquagesimo
1040 4495 1168 4601 tercio,
1194 4495 1233 4580 in
1262 4493 1322 4582 die
1351 4493 1451 4582 beati
1472 4492 1630 4612 Georgij
1655 4491 1774 4581 militis
1797 4492 1935 4582 Christi
1957 4509 1994 4582 et

370 4613 719 4732 martirisgeriosi.
911 4646 913 4655 ·
1182 4626 1183 4632 ‘
1417 4658 1423 4672 ·
1575 4651 1614 4668 .‚
1829 4629 1831 4632 ’

469 4777 513 4858 (²)
548 4776 702 4859 Ostromoe
716 4777 783 4844 ville
795 4777 936 4844 territorii
948 4777 1152 4865 Gujariensis,
1164 4778 1295 4865 regionis
1309 4777 1573 4864 Radziejcriensis.

470 4863 511 4946 (³)
541 4861 661 4952 Szerlp’
674 4861 741 4929 villa
754 4863 896 4930 territorii
915 4863 1150 4951 Bydgostiensis,
1165 4864 1296 4950 regionis
1310 4885 1383 4931 raro
1396 4861 1726 4930 Juuiwladislaviousis.
