4878 5942
1125 799 1170 818 «-
1224 759 1399 838 374’-

445 967 566 1060 biliter
580 964 665 1079 (sio)
679 961 863 1054 edidimus
878 961 1176 1071 observandum,
1195 957 1502 1077 'videlicetr'lquod
1523 961 1750 1078 extuue(sic)
1762 962 1811 1053 de
1832 963 1962 1057 cetero
1983 995 2073 1088 quu-

446 1089 505 1182 vis
537 1085 737 1205 dignitate,
769 1096 993 1200 personatu,
1024 1081 1149 1170 officio
1180 1111 1248 1170 seu
1274 1081 1505 1172 oaoo'm'outu'
1526 1096 1566 1168 et
1601 1081 1797 1200 prebenda
1825 1083 1980 1205 in'ipsa
2009 1115 2073 1174 ee·

447 1205 564 1294 clesia
602 1198 908 1290 Wladislaviensi
937 1200 1178 1326 vacantibus,
1198 1229 1279 1317 per
1307 1231 1457 1288 cessum
1482 1197 1542 1291 vel
1573 1199 1794 1304 decessum,
1825 1205 1959 1318 quevis
2015 1214 2075 1292 er-

446 1349 542 1412 sona
581 1318 632 1407 ad
672 1317 900 1440 dignitatem
921 1333 997 1406 eut
1037 1331 1280 1436 personatum
1325 1348 1393 1406 seu
1435 1315 1596 1404 officium
1637 1317 1850 1410 huiusmodi
1889 1323 1927 1409 in
1974 1233 2076 1424 rictu

351 1515 360 1530 ,
446 1435 609 1526 ecclesia
650 1436 816 1524 cuiusvis
855 1449 1045 1550 potestate
1077 1435 1264 1518 facultatis
1299 1435 1533 1553 recipienda,
1577 1433 1642 1523 aut
1666 1439 1816 1554 -quavis
1855 1438 2076 1528 auctoritate

447 1554 692 1659 assumenda,
728 1555 765 1638 in
786 1551 1030 1669 proventibus
1050 1563 1087 1636 et
1107 1549 1307 1654 fructibus,
1334 1551 1461 1638 intuitu
1481 1553 1539 1638 sui
1560 1551 1731 1672 beneficij
1742 1623 1752 1662 ,
1777 1554 1920 1644 habere
1938 1553 2078 1644 debeat

447 1673 534 1762 dum
563 1685 667 1760 taxat
698 1669 781 1782 (sio)
810 1668 939 1788 viginti
964 1695 1117 1756 mareas
1143 1693 1369 1786 grossorum
1399 1671 1662 1788 pragensium,
1692 1701 1763 1789 pro
1787 1701 1914 1762 marea
1933 1673 2077 1760 seilicet

449 1703 701 1928 quadraginta
728 1799 767 1873 et
792 1801 881 1876 ooto
907 1814 1073 1907 grossos
1102 1785 1357 1890 numerando,
1389 1799 1547 1904 excepta
1577 1787 1835 1907 prepositura,
1863 1791 1957 1902 que,
1982 1817 2074 1878 oum

448 1924 496 2034 sit
515 1908 682 2028 dignitas
702 1971 712 1992 .
735 1971 745 1991 .
766 1969 778 1991 .
800 1973 809 1992 .
832 1905 925 2018 (sio)¹
947 1903 1098 2021 maijor,
1127 1917 1215 2020 post
1243 1903 1571 2024 pontificalemque
1601 1906 1651 1995 ob
1680 1907 1892 1998 huiusmodi
1915 1908 2075 2030 praemi·
2211 1967 2212 1972 a

402 2051 408 2057 “
449 2027 581 2116 nencie
616 2023 818 2144 specialem
853 2022 1153 2140 prerogativam,
1199 2019 1342 2110 habere
1377 2020 1514 2111 debeat
1549 2025 1700 2146 triginta
1736 2043 1886 2115 marcas
1906 2055 2078 2146 grusso-

450 2175 532 2234 rum
554 2154 703 2230 monete
724 2156 761 2228 et
781 2142 924 2228 numeri
945 2138 1160 2228 consimilis.
1211 2137 1302 2226 ltem
1324 2139 1425 2252 quod
1446 2142 1579 2258 quevis
1600 2173 1764 2260 persona
1784 2143 1838 2234 ad
1860 2142 2077 2232 Cauouiea-

450 2279 526 2351 tum
548 2276 584 2348 et
603 2257 859 2363 prebendam,
889 2256 1025 2345 eodem
1046 2257 1161 2346 modo
1183 2273 1386 2362 vacantes,
1418 2259 1524 2346 simili
1546 2255 1750 2378 potestate,
1783 2275 1822 2348 ut
1852 2261 2078 2379 premissum
2201 2281 2208 2312 ‘

450 2393 531 2484 est,
563 2377 779 2498 recipienda
808 2391 846 2490 et
872 2374 1100 2463 assumenda
1122 2375 1263 2463 habere
1284 2375 1424 2463 debeat
1444 2375 1665 2496 dumptaxat
1681 2377 1906 2499 -quindeoim
1926 2408 2078 2466 marcas

451 2497 592 2633 nuperi
608 2511 651 2631 'et
671 2507 820 2634 monete
841 2492 1119 2630 predictorum,
1129 2493 1166 2580 in
1185 2493 1366 2630 lmctibus
1387 2507 1424 2582 et
1429 2497 1687 2700 proventibus
1707 2497 1864 2632 racione
1885 2497 1942 2587 sui
1962 2496 2077 2632 bene·

449 2615 543 2822 {0de
546 2613 770 2822 pqsrpglppsrpse¹
774 2612 1031 2816 proventibus
1051 2613 1121 2720 srbr
1140 2609 1328 2728 deputatis
1348 2641 1426 2733 gau
1455 2643 1520 2701 ere
1541 2613 1695 2722 debeat,
1717 2645 1798 2704 srve
1819 2615 1920 2734 apud
1940 2612 2076 2703 dictam

800 2745 861 2818 eat
890 2731 1155 2847 personaliter,
1187 2729 1269 2837 sive
1290 2759 1376 2820 non.
1437 2731 1492 2818 lta
1513 2747 1653 2836 tameo,
1683 2731 1838 2845 quodsi
1867 2733 2076 2868 quempiam

450 2883 499 2942 ex
520 2850 696 2968 personis
716 2847 917 2967 predictis,
949 2849 1196 2938 scienciarum
1218 2847 1360 2944 studio,
1394 2849 1429 2936 in
1450 2850 1537 2939 loco
1558 2865 1683 2939 tamen
1703 2851 1754 2938 ad
1775 2850 1935 2940 studium
1957 2869 2077 2968 'prrvr-

382 3047 386 3056 .
452 2969 611 3088 legiam,
642 2967 831 3061 immorari
852 2968 1079 3084 contingerit
1099 2967 1193 3079 (sic),
1213 2969 1328 3083 petita
1348 2981 1393 3054 et.
1406 2967 1558 3056 obtenta
1580 2965 1779 3059 licencia‘a
1800 2969 1952 3059 domiuo
1985 2965 2077 3086 Epi-

452 3116 575 3206 scopo
595 3083 918 3189 Wladislaviensi,
940 3087 1002 3201 qui
1023 3114 1093 3202 pro
1114 3100 1282 3202 tempore
1302 3086 1430 3188 luerit,
1453 3085 1586 3174 eadem
1607 3086 1749 3177 habere
1770 3083 1926 3194 debeat,
1948 3113 2077 3204 quam·

385 3257 387 3264 ν
451 3202 514 3292 diu
535 3205 571 3291 in
593 3203 716 3292 studio
738 3230 880 3290 moram
903 3204 1075 3308 traxerit,
1106 3200 1259 3320 duplum
1280 3203 1317 3289 in
1335 3203 1517 3292 fructibus
1538 3219 1574 3292 et
1595 3205 1838 3323 proventibus
1859 3205 1928 3294 sibi
1958 3203 2075 3320 depu-

452 3324 547 3412 tatis.
608 3319 671 3409 Ad
703 3319 804 3440 quod
834 3319 984 3433 quidem
1005 3334 1193 3429 statutum,
1214 3350 1283 3439 per
1303 3350 1490 3440 personas
1509 3321 1760 3412 assumendus
1787 3339 1825 3412 et
1845 3319 2080 3442 recipiendas

385 3516 391 3524 .
452 3438 503 3546 ad
526 3439 632 3552 dicta
646 3438 841 3546 beneficia,
860 3438 1015 3530 firmiter
1036 3439 1326 3546 observandum,
1347 3442 1384 3528 in
1405 3442 1571 3559 ipsorum
1593 3455 1629 3544 et
1648 3441 1847 3533 cuiuslibet
1867 3471 1997 3532 eorum
2017 3469 2078 3528 re·

453 3560 636 3676 capcione
664 3555 900 3646 decrevimus
936 3573 973 3646 et
1000 3557 1236 3680 presentibus
1265 3557 1502 3646 decernimus
1537 3559 1641 3764 exigp
1663 3575 1700 3648 et
1718 3559 1896 3678 prestari,
1928 3559 2025 3648 sicut
2044 3571 2081 3646 et

260 3671 266 3684 ’
367 3755 369 3763 .
453 3673 504 3762 de
524 3675 663 3763 ceteris.
680 3675 796 3792 ipsius
817 3676 979 3763 ecclesie
1000 3679 1146 3764 statutis
1174 3691 1212 3764 et
1232 3676 1565 3766 consuetudinibus
1591 3707 1614 3769 o
1643 3676 1839 3766 servandis
1867 3678 1968 3796 exigi
1997 3665 2080 3788 ¹(sic)

454 3807 490 3880 et
506 3791 766 3910 prestari(sic),
785 3822 891 3879 more
912 3792 1023 3882 solito
1039 3795 1300 3910 jurameutum.
1332 3793 1521 3884 Redditus
1552 3825 1713 3914 quoque,
1733 3811 1939 3914 proventus
1958 3808 1995 3882 et
2015 3792 2079 3880 ob-

453 3909 660 3998 venciones
687 3909 921 4030 singulorum
943 3909 1208 3998 beneficiorum
1230 3909 1494 4028 predictorum,
1516 3913 1610 4004 ultra
1642 3943 1836 4020 summam,
1863 3929 1905 4002 ut.
1920 3909 2078 4031 premis·

455 4057 537 4144 sum
560 4039 638 4150 est,
671 4028 865 4146 quibusvis
892 4032 1065 4145 personis
1086 4025 1300 4148 deputatam
1332 4047 1597 4120 excrescentes
1636 4031 1827 4125 reservari
1856 4029 2019 4118 debeant
2043 4040 2080 4144 et

455 4143 622 4234 distribui
645 4145 740 4233 inter
761 4145 1150 4266 personas'duntaxat
1169 4145 1418 4236 resideociam
1439 4148 1540 4267 apud
1563 4149 1763 4238 ecclesiam
1783 4149 1980 4248 iacientes,
2002 4148 2078 4249 iux,-

454 4280 493 4350 ta
514 4261 793 4352 ordinacionem
813 4265 1050 4384 imposterius
1068 4266 1150 4380 (sic)
1171 4265 1379 4354 faciendam
1399 4267 1673 4356 racionabiliter
1693 4267 1763 4355 sub
1780 4265 1893 4355 modo
1909 4279 1948 4353 et
1961 4265 2081 4376 lorma

456 4409 505 4468 ac
521 4379 920 4502 moderaciooe,quam
936 4381 1086 4474 tradunt
1101 4385 1284 4472 canonice
1298 4383 1526 4473 sanctiones.
1546 4383 1762 4503 inquorum
1779 4383 2082 4493 omniumetsjo·

456 4496 632 4616 gulorum
651 4496 765 4587 lidem
786 4515 824 4586 et
844 4503 1090 4589 testimonium
1113 4503 1400 4617 premissorum,
1428 4517 1594 4589 nostrum
1617 4519 1653 4590 et
1674 4501 1761 4590 dicti
1782 4501 1900 4591 nostri
1922 4497 2082 4618 Capituli
2191 4529 2200 4538 ·

457 4613 581 4732 sigilla
605 4619 838 4730 presentibus
860 4635 945 4706 sunt
964 4649 1145 4734 appensa.
1198 4618 1334 4706 Datum
1357 4636 1393 4706 et
1413 4635 1536 4708 actum
1570 4625 1813 4723 ll'iodr'rlovt'e,
1844 4622 1881 4707 in
1912 4619 2082 4739 generali

460 4729 654 4849 Capitale,
685 4761 784 4820 anno
805 4734 943 4822 domini
962 4734 1156 4826 millesimo
1173 4733 1742 4856 quadringentesimodecimo,
1762 4739 1845 4856 ipso
1867 4733 2082 4824 dieBeato·

459 4879 541 4936 rum
573 4847 730 4967 Philippi
764 4863 800 4936 et
820 4849 955 4959 leoobi
977 4853 1251 4971 apostolorum,
1284 4855 1521 4973 presentibus
1542 4855 1676 4945 ibidem
1699 4853 1873 4944 discretis
1893 4853 1992 4956 viris,
2013 4849 2083 4942 do·
