4878 5942
1028 874 1070 888 -
1127 833 1334 908 ddl·-'

353 1036 592 1156 presencium
619 1034 823 1122 uniuersis:
854 1032 956 1154 quod
987 1065 1072 1122 oum
1102 1036 1187 1124 olim
1209 1035 1484 1124 Serenissimus
1506 1035 1684 1155 princeps
1704 1033 1877 1126 dominus
1904 1037 1979 1128 Lo·
2047 1125 2055 1141 ,

354 1151 930 1274 donicusReangarieleliois
946 1153 1397 1260 memorie,snoernostar
1413 1154 1980 1266 carissimus,Terramflussie,
2026 1201 2036 1235 ·

356 1303 440 1365 num
462 1302 533 1362 suo
554 1271 729 1374 dominio,
752 1301 820 1388 per
841 1269 991 1357 modum
1014 1273 1325 1361 commutacionis
1339 1301 1416 1389 pro
1439 1287 1537 1360 tarra
1560 1279 1774 1388 Topoloznn
1791 1272 1868 1393 Ι(9),
1899 1276 1980 1364 illu·
2036 1269 2060 1365 ι’

355 1393 421 1482 stri
440 1391 595 1511 prinoipi
614 1389 767 1479 domino
787 1386 967 1477 Ladislao
988 1385 1074 1476 duni
1094 1387 1251 1510 Opulie,
1273 1421 1344 1478 suo
1364 1405 1402 1478 et
1422 1393 1981 1504 nostraauunoulo·rarissimo,

355 1511 499 1631 pridem
521 1509 684 1716 legptime
704 1509 981 1626 appropriauit,
1014 1507 1237 1626 demumque
1258 1509 1432 1616 ducatus,
1453 1525 1591 1616 terras,
1622 1525 1659 1598 et
1679 1509 1842 1612 dominia
1859 1514 1981 1630 Cuya·
2032 1555 2037 1570 ·

356 1631 487 1718 viense
508 1643 542 1716 et
604 1627 805 1716 obrioense
826 1657 910 1714 oum
933 1627 1105 1714 omnibus
1126 1642 1160 1714 et
1183 1627 1339 1745 singulis
1360 1629 1515 1726 nastris,
1547 1629 1777 1734 civilatibus,
1812 1629 1983 1720 districti-

355 1746 444 1854 bus,
461 1748 628 1864 juribus,
645 1758 683 1838 el
703 1745 877 1862 dominijs
898 1744 1121 1852 eorundem,
1143 1745 1255 1863 pleno
1270 1747 1376 1862 jure,
1398 1744 1564 1837 dominio
1584 1764 1622 1838 et
1636 1747 1826 1853 libertato,
1874 1751 1982 1839 uibus

355 1865 512 1956 eosdem
535 1866 696 1954 ducatus
717 1880 754 1954 at
775 1880 932 1988 terras,
946 1877 984 1950 ut
1005 1892 1118 1951 verus
1140 1863 1251 1952 heres
1274 1876 1311 1949 et
1331 1863 1523 1973 dominns,
1550 1864 1778 1970 hereditarie
1798 1782 1990 1956 adilhere

355 1983 594 2102 possidebat,
630 1997 704 2072 tam
735 2009 927 2084 excausa
959 1982 1055 2068 iusta
1084 2011 1132 2070 on
1167 1981 1346 2100 simplidis
1379 1997 1417 2070 et
1451 1983 1724 2092 irrevocabilis,
1741 1983 1982 2091 donacionis,

356 2133 467 2224 quam
495 2103 714 2220 eciam-per
748 2099 900 2188 modom
936 2100 1098 2219 legitime
1127 2101 1435 2218 permutationis
1456 2131 1527 2220 pro
1554 2100 1654 2199 diota
1683 2102 1802 2192 Terra
1822 2103 1983 2211 Bossia,

382 2222 502 2310 relato
532 2220 683 2310 domino
712 2215 889 2308 Ladislao
911 2219 996 2306 duoi
1023 2215 1172 2336 Opulie,
1198 2248 1245 2306 ao
1274 2219 1393 2334 ipsius
1412 2218 1615 2310 heredibus
1636 2233 1674 2308 at
1694 2223 1983 2312 suecessoribus

355 2253 531 2460 lagitimis
552 2341 647 2428 iuste
668 2352 706 2429 el
725 2353 905 2456 perpetue
926 2339 1148 2426 donacionis
1169 2367 1217 2424 an
1236 2337 1399 2456 legitime
1419 2341 1710 2454 permutacionis
1731 2339 1852 2446 tilulo,
1873 2339 1983 2430 here·

355 2457 487 2546 dilatio
507 2486 556 2546 ao
574 2457 691 2546 libere
710 2456 976 2574 appropriavit.
1019 2456 1132 2570 Quos
1153 2455 1301 2568 quidem
1318 2454 1480 2544 ducatus
1500 2467 1538 2541 et
1557 2455 1698 2546 Terras
1718 2459 1884 2575 prelatus
1906 2457 1982 2548 dux

356 2574 580 2683 ladislaus,
611 2590 652 2662 ut
670 2604 785 2664 verus
808 2573 919 2664 heres
943 2589 980 2660 et
1001 2573 1188 2693 legitimus
1209 2575 1386 2691 princeps
1407 2589 1444 2662 et
1463 2571 1637 2662 dominus
1656 2573 1905 2664 hereditarius
1924 2608 1983 2664 re·
2165 2680 2169 2689 ,

357 2695 428 2800 xil,
459 2696 590 2796 lenuit,
622 2708 660 2782 et
679 2682 852 2812 possedit
878 2693 1000 2782 multis
1031 2694 1140 2778 annis
1165 2691 1324 2810 pacifice
1352 2705 1390 2780 el
1417 2691 1551 2811 quiete.
1605 2693 1855 2811 Quapropter
1895 2725 1982 2810 pre·
2128 2722 2136 2738 ·

356 2814 435 2904 lato
455 2812 609 2902 domino
629 2811 716 2900 duni
737 2809 934 2918 Ladislao,
965 2827 1004 2902 ut
1030 2812 1197 2927 prelatos
1228 2808 1405 2916 dunatus,
1436 2824 1559 2898 terras
1598 2824 1637 2902 et
1664 2810 1846 2916 dominia,
1878 2810 1983 2898 vide-

356 2932 442 3024 lieet
460 2932 699 3022 Dobrineuse
728 2947 766 3019 et
794 2929 1052 3047 Cuyauiense,
1084 2928 1326 3017 communiter
1347 2927 1407 3022 vel
1435 2927 1593 3035 divisim,
1621 2943 1662 3019 ut
1679 2959 1795 3020 verus
1814 2929 1926 3018 heres
1947 2945 1985 3018 et

356 3049 543 3168 legitimus
571 3048 776 3140 eorundem
806 3047 996 3157 dominus,
1028 3045 1256 3168 principibus
1283 3046 1550 3136 ecelesiastiois
1569 3063 1633 3138 aut
1653 3046 1905 3154 sacularibus,
1935 3075 1985 3136 ao
2075 3053 2082 3060 ’
2166 3035 2172 3048 ’

357 3168 439 3288 alijs
460 3169 548 3257 viris
568 3167 758 3288 religiosis
778 3167 838 3260 vel
859 3167 984 3274 laicis,
1006 3169 1273 3284 cuiuscumque
1293 3179 1426 3272 status,
1447 3163 1614 3284 gradus,¹
1645 3164 1890 3270 o'ondirionis,
1920 3179 1985 3254 aut

382 3285 631 3378 reaminennie
651 3287 827 3391 existant,
858 3300 896 3374 et
924 3283 1135 3406 specialiter
1161 3282 1363 3374 venerabili
1392 3295 1431 3372 et
1456 3283 1645 3404 religiosis
1679 3287 1786 3392 viris,
1831 3283 1984 3372 domino

356 3317 423 3494 llll.
443 3403 665 3515 (allenrodn)
686 3403 751 3519 (³)
771 3405 955 3523 magistro
977 3403 1146 3525 generali
1166 3402 1310 3492 ordinis
1330 3416 1462 3494 sancte
1476 3399 1600 3494 Maria
1613 3400 1983 3510 domusteutlrunine,
2005 3505 2006 3508 p
2074 3491 2081 3515 ,

357 3539 396 3614 et
414 3525 496 3614 eius
524 3524 697 3614 iratribus
727 3539 908 3642 perpetue
921 3521 1114 3628 rendere,
1146 3521 1335 3641 obligare,
1366 3521 1428 3610 vel
1448 3520 1611 3628 donare,
1640 3537 1679 3612 et
1697 3525 1771 3614 resi
1802 3551 1895 3620 nara
1920 3537 1986 3612 aut
2051 3528 2075 3593 ν’

357 3655 588 3762 permutare,
607 3671 655 3730 ao
675 3645 794 3733 eniam
814 3643 850 3730 io
871 3641 965 3730 alios
986 3669 1078 3730 suns
1100 3669 1191 3734 usus
1212 3641 1314 3728 iuxta
1334 3669 1444 3728 suum
1463 3639 1737 3758 beneplacitum
1758 3552 1874 3742 lisere
1895 3668 1985 3734 oon·

358 3774 509 3850 uertere
533 3763 679 3868 valeat,
708 3761 758 3850 de
785 3775 916 3850 nostre
945 3760 1071 3878 Regia
1100 3761 1298 3878 potestatis
1326 3757 1573 3876 plenitudine,
1603 3759 1812 3852 accedente
1839 3757 1890 3845 ad
1909 3758 1985 3846 lton

358 3880 599 3970 serenissima
619 3880 797 4002 principis
818 3877 969 3968 domine
983 3877 1112 3969 Mario
1130 3875 1283 4000 Regina
1314 3876 1488 3997 Vngarie
1509 3879 1696 3968 consortis
1715 3893 1845 3970 nostre
1866 3875 1984 3964 naris·
2092 3923 2094 3927 ·

358 3999 473 4104 sime,
502 4028 575 4086 neo
603 4031 680 4090 non
710 3999 967 4118 prelatorum,¹
988 3997 1172 4088 baronum
1193 4009 1238 4096 et
1265 3995 1440 4087 nobilium
1469 3994 1601 4115 llegni
1631 3999 1750 4084 nostri
1769 3993 1928 4084 oonsilio
1946 4006 1986 4081 et
2049 3973 2074 4067 d

359 4145 570 4221 nonnemo,
606 4118 774 4234 plenam,
810 4116 964 4206 liberam
1011 4133 1049 4226 et
1083 4107 1335 4206 omnimodam
1370 4127 1502 4204 tenore
1536 4115 1773 4233 preaenoium
1793 4111 1926 4200 damus
1947 4123 1986 4200 et

359 4231 604 4326 oouoedimus
643 4234 855 4325 laoultatem
896 4233 1028 4347 harum
1066 4247 1281 4324 nostrarum
1322 4232 1533 4322 testimonio
1582 4230 1782 4322 literarum.
1846 4231 1984 4318 Datum

359 4357 573 4442 &latomi
593 4349 667 4468 (⁴),
699 4351 869 4471 proxima
893 4350 992 4438 laria
1022 4353 1149 4470 quinta
1178 4350 1418 4468 pastinatum
1441 4350 1642 4440 nativitatis
1669 4347 1793 4440 Maria
1828 4349 1984 4468 virginis

359 4470 549 4590 gloriose,
579 4465 686 4562 ando
702 4469 842 4576 domini
862 4469 1056 4600 nrillesimo
1076 4466 1340 4560 trecentesimo
1361 4467 1610 4589 nonogesimo
1630 4467 1759 4558 ternio.

461 4739 501 4824 (²)
534 4738 731 4826 lopoleamp,
745 4733 825 4826 terra
841 4739 871 4804 in
887 4737 1183 4824 Reginollungariae
1197 4733 1262 4800 sita.
1609 4800 1615 4811 ,

461 4826 500 4906 (⁸)
529 4825 594 4890 Hoc
608 4843 688 4890 anno
703 4833 840 4889 mortuus
855 4831 900 4916 aot
914 4821 956 4890 Su
972 4821 1081 4889 'remus
1088 4823 1239 4908 Magister
1250 4817 1373 4886 Ordinis
1383 4819 1542 4885 Teutonici
1555 4818 1585 4884 in
1597 4819 1720 4885 Prassia
1732 4815 1889 4885 Corradus
1895 4817 1982 4882 Wal-

360 4905 513 4988 lenrodua,
528 4908 613 4994 nujus
627 4909 705 4974 vicen
720 4844 1011 4976 obtinuitGonrodus
1024 4907 1211 5006 longingam
1223 4905 1270 4971 hio
1285 4904 1382 4970 adhue
1394 4902 1433 4969 de
1451 4903 1645 4969 Wollenrodo
1660 4921 1762 4980 sermo
1776 4923 1843 4968 essa
1857 4901 1982 4967 videtur.

461 4993 501 5084 l⁴l
530 4991 670 5078 mltum,
685 4993 757 5058 urba
771 4993 887 5060 munito
901 4993 932 5058 in
946 4991 1103 5080 Superiori
1124 4991 1280 5077 Hungaria
1302 4991 1333 5057 in
1352 4988 1499 5056 oomitutu
1518 4987 1664 5071 Nitranai,
1686 4987 1725 5055 ad
1738 4988 1865 5054 limium
1885 4983 1984 5068 Waag

358 5079 422 5146 sita.
696 5133 699 5138 i
876 5104 881 5114 ·
901 5123 906 5132 .
1734 5122 1737 5127 .
