4876 5940
1114 767 1158 782 -·
1212 726 1292 801 23⁰·
1342 763 1384 780 -

985 1112 991 1124 .
1097 1027 1395 1166 ¹oonxnu.
1746 1163 1751 1169 ,

640 1203 923 1368 Brorttrrc,
949 1288 1103 1356 anno
1129 1265 1271 1354 1³21
1297 1269 1391 1356 dte
1416 1263 1453 1352 3
1479 1257 1864 1354 manaturum.

439 1477 562 1554 muro
575 1475 989 1575 nubtsmtenses,
1001 1473 1122 1548 tlrdlntr
1135 1473 1306 1566 lenonia,
1320 1491 1341 1546 a
1355 1471 1583 1548 oonlrrarllr
1597 1471 1688 1546 {cllo
1701 1469 1900 1564 tuoruum
1914 1469 2014 1546 leuno
2028 1469 2060 1544 ln

728 1578 785 1674 ju
798 1580 948 1653 rocmtnr
960 1579 1001 1652 ab
1011 1578 1139 1675 lnjnrm
1154 1576 1307 1652 ecclcsiae
1321 1574 1574 1651 vladislaumt
1587 1575 1695 1650 illatas
1709 1579 1756 1663 υ).

539 1788 730 1877 lanislaus
751 1787 875 1874 diuina
904 1801 942 1876 et
969 1785 1178 1907 apostolice
1205 1785 1308 1874 sedis
1329 1785 1572 1906 prouidenoia
1595 1797 1726 1874 sancte
1746 1786 1972 1904 gneznensis
1993 1813 2057 1871 ec-

440 1908 554 1998 clesie
575 1907 904 2025 archiepiscopus
936 1905 1173 2013 Damaratus,
1195 1905 1254 1994 dei
1274 1907 1407 2028 gracia
1428 1905 1690 2024 pannoniensis
1720 1903 1881 1992 ecclesie
1910 1904 2059 2023 episco-
2168 1907 2173 1922 '

440 2059 530 2148 pus,
560 2043 597 2114 et
626 2023 829 2144 Nycolaus,
858 2025 1025 2112 decanus
1056 2025 1217 2113 ecclesie
1237 2023 1658 2143 gneznensis',‚judioes
1683 2054 1707 2110 a
1737 2021 1830 2112 sede
1850 2019 2060 2142 apostolica

440 2145 616 2264 delegati:
677 2145 858 2230 Discretis
879 2145 966 2252 viris
987 2211 996 2230 .
1018 2145 1151 2257 .-(sic)
1183 2138 1232 2229 dc
1255 2147 1400 2232 Gorimo
1421 2158 1458 2231 el
1477 2210 1517 2230 ..
1560 2143 1643 2253 (sic)
1672 2141 1721 2228 de
1741 2150 1903 2256 Raycow
1934 2141 2058 2228 eccle·
2157 2235 2163 2246 ,

441 2268 577 2351 siarum
600 2263 816 2365 rectoribus,
841 2261 1164 2352 Wladislauiensis
1186 2262 1374 2379 dyocesis,
1392 2262 1546 2349 salutem
1568 2264 1602 2348 in
1626 2257 1795 2365 domino,
1818 2275 1855 2346 et
1876 2259 2060 2347 mandatis
2097 2281 2105 2290 '

417 2383 658 2501 'apostolicis
684 2380 835 2469 firmiter
860 2381 1026 2468 obedire.
1088 2379 1242 2470 Nouerit
1263 2383 1455 2469 discrecio*
1475 2397 1617 2469 vestra:
1648 2381 1749 2499 quod
1779 2411 1859 2485 nos,
1896 2383 2059 2498 receptis

440 2502 569 2590 litteris
591 2501 813 2588 sanctissimi
835 2501 955 2618 patris
973 2499 1110 2588 domini
1130 2499 1324 2602 lobannis,
1350 2515 1594 2588 sacrosancte
1611 2531 1765 2596 romane
1780 2499 1945 2598 ,ecclesie
1961 2531 2059 2586 surn-

439 2623 487 2707 mi
508 2619 709 2738 pontilicis,
731 2622 766 2706 in
789 2619 921 2738 quibus
942 2619 1051 2707 nobis
1073 2619 1293 2722 mandabat,
1351 2617 1426 2708 uod
1448 2649 1579 2706 omnes
1601 2635 1637 2706 et
1657 2619 1839 2742 singulos,
1862 2621 1922 2739 qui
1948 2649 2058 2704 vene·

438 2739 544 2828 rabili
565 2739 665 2827 lratri
687 2725 816 2825 nostr'o
838 2736 987 2828 domino
1009 2738 1261 2842 Gerlwardo),
1279 2651 1606 2826 Wladislauiensis
1627 2739 1787 2826 ecclesie
1808 2741 1999 2857 episcopo,
2021 2739 2057 2822 in

402 2851 406 2860 ⁸
438 2860 527 2964 suis,
547 2873 612 2946 aut
634 2857 794 2946 ecclesie
814 2887 892 2964 sue,
915 2857 1021 2946 bonis
1042 2857 1165 2978 aliqua
1187 2857 1348 2978 dampna
1370 2888 1438 2946 seu
1460 2857 1608 2944 iniurias
1630 2859 1885 2976 irrogassent,
1916 2855 1964 2943 ad
1994 2885 2058 2941 sa-

311 2997 313 3004 ’
439 2977 695 3065 tislaciendum
726 2977 795 3064 sibi
813 2975 871 3062 'de
904 2977 994 3094 ipsis
1023 2975 1248 3095 compellere
1277 2979 1498 3064 auctoritate
1528 2977 1736 3092 apostolica
1767 3004 2058 3094 percensuram

440 3095 733 3184 ecclesiasticam
770 3093 1011 3200 deberemus3
1042 3096 1215 3182 inuocato
1252 3095 1301 3180 ad
1338 3095 1420 3200 boc,
1442 3097 1474 3182 si
1504 3095 1600 3212 opus
1617 3096 1733 3198 luerit,
1754 3095 1891 3183 auxillo
1914 3094 2056 3214 bracbij

436 3217 629 3318 secularis,
651 3213 992 3303 commendatorem
1014 3227 1051 3301 et
1070 3215 1202 3301 lratrcs
1224 3213 1271 3300 de
1294 3221 1492 3318 lubricam,
1515 3213 1836 3302 Wladislauiensis
1867 3213 2057 3332 dyocesis,

438 3333 579 3422 ordinis
615 3333 733 3421 sancti
767 3329 952 3418 lobannis
978 3332 1283 3434 lerosolimitani,
1310 3335 1383 3453 ‘qui
1411 3333 1530 3420 eidem
1567 3333 1718 3421 domiuo
1750 3329 2058 3421 Wladislauiensi

438 3456 639 3572 episcopo,
671 3469 780 3568 prout¹
810 3483 856 3538 ex
885 3451 1038 3572 querela
1059 3453 1175 3570 ipsius
1196 3455 1430 3571 accepimus,
1463 3454 1498 3539 in
1521 3453 1628 3540 bonis
1649 3452 1810 3541 ecclesie
1830 3483 1898 3540 sue
1920 3483 1968 3540 ac
1989 3453 2057 3539 llo-

437 3574 573 3658 min'um
605 3573 719 3690 ipsius
760 3567 869 3658 inulla
901 3583 937 3656 et
964 3572 1096 3691 grauia
1126 3571 1289 3689 dampna
1325 3574 1519 3694 irrogasse
1541 3571 1778 3670 dicebantur,
1810 3573 1859 3658 ad
1890 3587 2058 3659 nostram

436 3691 602 3793 lecimus,
635 3691 858 3808 peremtoria
878 3689 929 3774 ad
956 3706 1093 3778 certum
1126 3694 1338 3796 terminum,
1370 3693 1602 3810 presenciam
1625 3694 1788 3778 euocari.
1851 3691 1999 3806 Quibus
2020 3694 2055 3778 in

436 3807 571 3898 eodem
591 3810 747 3897 termino
768 3837 895 3897 coram
917 3811 1025 3898 nobis
1047 3839 1118 3895 nec
1133 3839 1201 3926 per
1217 3839 1269 3914 se,
1285 3809 1343 3898 vel
1366 3838 1433 3926 per
1452 3811 1710 3928 responsalem
1731 3809 1931 3928 ydoneum,
1952 3839 2055 3902 oom-

437 3929 684 4049 parentibus,
704 3957 791 4044 ymo
812 3957 856 4015 se
877 3929 1145 4015 contumaciter
1165 3927 1468 4034 absentantibus,
1499 3927 1548 4016 ad
1569 3931 1785 4016 instanciam
1803 3929 1967 4018 eiusdem
1989 3927 2056 4016 do-

437 4047 521 4135 mini
558 4048 736 4166 episcopi,
772 4062 838 4135 sert
872 4041 1127 4166 procuratoris
1148 4047 1281 4166 ipsius,
1312 4048 1455 4134 iusticia
1482 4045 1687 4151 suadente,
1717 4049 1838 4166 ipsum
1868 4047 2054 4136 dominum

437 4168 656 4288 episcopum
679 4170 715 4254 in
735 4168 1017 4286 possessionem
1039 4167 1222 4257 bonorum
1244 4167 1478 4253 immobilium
1500 4166 1586 4253 dicti
1603 4167 1918 4256 commendatoris
1934 4184 1970 4254 et
1985 4167 2056 4255 lra-

303 4397 306 4405 ⁴
436 4301 550 4389 trum,
581 4317 667 4404 ymo
696 4287 821 4374 uernis
841 4285 982 4377 ordinis
1003 4285 1205 4409 supradicti
1233 4317 1278 4374 ex
1300 4287 1419 4404 primo
1440 4285 1605 4390 decreto,
1627 4316 1746 4376 causa
1766 4285 1947 4392 custodie,
1969 4317 2053 4376 sew

305 4438 319 4570 p
380 4470 393 4570 p
438 4405 519 4518 (sic)
540 4407 594 4492 rei
615 4404 820 4512 seruanda,
852 4405 1087 4494 comunicato
1100 4407 1314 4522 sapientum
1336 4406 1493 4494 consilio
1514 4433 1584 4524 pro
1605 4405 1719 4494 modo
1740 4405 1851 4494 dc'biti
1872 4407 1907 4494 in
1928 4406 2058 4494 tuelle

448 4701 455 4710 ⁸
537 4723 581 4808 (¹)
602 4725 647 4790 Ex
662 4723 823 4825 arclnatppo
843 4725 1070 4826 membranaceo
1090 4725 1227 4826 tabularii
1250 4725 1374 4878 ,capituli
1397 4724 1663 4826 Wladislnuiensis.
1689 4725 1846 4825 'Teaniolis
1862 4726 2054 4876 porpcmcnis

435 4818 667 4966 pppprtuzppansa
683 4832 815 4899 qumque
830 4811 933 4900 srgrlla,
946 4831 1075 4900 quonum
1090 4811 1215 4899 reliqua,
1230 4811 1295 4878 ude
1307 4819 1365 4879 icat
1385 4832 1530 4898 primum,
1552 4819 1673 4879 tertuum
1685 4819 1715 4878 et
1725 4817 1864 4899 quintum
1879 4833 1914 4878 ra
1926 4809 1963 4878 de
1979 4819 2051 4878 sunt
