4876 5940
1035 723 1321 806 -uo-·
1427 672 1493 766 .'

348 931 573 1020 commiserit
609 932 713 1018 vines
748 961 850 1020 sires.
913 932 1167 1022 Conccdlrnus
1203 935 1321 1024 eniam
1359 933 1538 1052 predictis
1571 936 1770 1040 iratribus,
1808 955 1847 1042 ut
1880 940 1985 1056 ipsas

347 1049 574 1140 hereditates
601 1050 774 1138 ordinent
794 1051 1002 1140 secuudum
1022 1082 1130 1138 sunm
1151 1052 1359 1158 utilitatem,
1392 1070 1467 1142 tnui
1486 1053 1557 1140 sub
1579 1065 1699 1162 terra,
1731 1085 1845 1174 quant
1865 1089 1980 1176 supra

348 1184 505 1283 terrnur,
542 1171 734 1288 inagris,
771 1170 895 1274 silvis,
929 1172 1064 1288 pratis,
1096 1174 1269 1286 pascuis,
1299 1175 1429 1288 aquis,
1458 1171 1670 1275 mellilioiis,
1701 1177 1982 1289 piscationibus,

347 1288 637 1393 vemcionibus,
669 1304 817 1376 etcum
847 1288 929 1376 aliis
959 1290 1197 1404 pertinenciis
1227 1291 1306 1376 suis
1338 1295 1406 1392 ite,
1436 1289 1537 1402 quod
1568 1291 1693 1380 coloni
1724 1311 1917 1382 manentes
1948 1298 1983 1388 iu
2027 1386 2032 1412 ι

348 1405 491 1494 eisdem
520 1408 629 1494 bonis·
659 1408 826 1526 plenaria
853 1405 1046 1526 gaudeant
1071 1407 1241 1494 libertate
1263 1407 1453 1496 videlicet:
1484 1419 1688 1522 apreuod,
1720 1421 1983 1524 opericulum,
2027 1398 2070 1528 '2'

348 1526 397 1636 (a)
412 1536 650 1638 poduorovc,
682 1559 704 1612 a
723 1559 871 1640 ponor,
898 1531 1078 1625 aurbun,
1106 1555 1285 1623 enarer,
1308 1555 1331 1612 a
1353 1534 1508 1630 uiuictlt,
1530 1557 1553 1614 a
1574 1547 1749 1628 nortona,
1772 1561 1796 1618 a
1817 1539 1978 1634 veronen,
2218 1599 2224 1606 -

347 1663 547 1743 a'mootue,
579 1655 823 1758 aporodtne,
852 1663 1046 1746 astroza,
1078 1653 1233 1746 adnue,
1261 1675 1441 1747 eunoun,
1471 1675 1650 1759 eporco,
1680 1665 1717 1736 et
1738 1651 1787 1736 ab
1809 1652 1981 1739 omnibus

346 1763 428 1850 aliis
464 1765 703 1850 servitutibus
739 1761 1029 1880 polonicalibus,
1071 1761 1326 1852 solucionibns
1359 1781 1398 1850 et
1429 1766 1718 1870 creceiouibus,
1755 1798 1981 1886 quocunque
2033 1769 2059 1840 ν’

348 1882 534 1970 vocabulo
562 1898 803 1982 censeantur,
834 1881 938 1967 liberi
962 1883 1037 1968 sint
1064 1885 1211 1998 penitus
1241 1899 1277 1970 et
1304 1883 1495 1974 immunes.
1547 1883 1600 1973 Ut
1620 1899 1744 1972 autern
1767 1881 1981 1974 omnimoda
2119 1879 2122 1888 ’

345 1999 540 2118 gaudeant
574 1999 761 2106 libertate,
797 1999 970 2086 volurnus
1006 2029 1074 2086 eos
1109 1999 1326 2118 sepedictus
1364 2001 1590 2090 hereditates
1627 2033 1712 2090 curu
1745 2007 1844 2091 ouini
1876 2006 1981 2120 jure,

339 2117 599 2236 jurisdictione
631 2149 678 2204 nc
704 2119 854 2236 judiciis
887 2121 1190 2238 quibuscunque,
1227 2120 1263 2206 iu
1294 2120 1467 2208 omnibus
1495 2123 1646 2208 coruino
1676 2121 1772 2210 locis
1801 2122 1984 2210 dictarunt

345 2235 610 2340 hereditatum,
640 2268 712 2324 neo
741 2269 817 2325 nou
847 2239 883 2324 iu
904 2241 973 2326 viis
1002 2240 1158 2354 publicis
1189 2253 1225 2326 et
1246 2240 1418 2356 privatiS,
1449 2239 1559 2356 plene
1589 2257 1625 2327 et
1646 2241 1875 2358 integraliter
1896 2269 1981 2330 oum

346 2353 508 2440 dominio
531 2357 645 2442 nostri
667 2356 830 2442 dunatus
850 2373 1031 2472 perpetue
1049 2355 1257 2472 possidere.
1288 2355 1331 2444 ln
1353 2359 1461 2473 cujus
1482 2361 1536 2444 rei
1558 2360 1807 2448 testimonium
1828 2391 1981 2477 presen-

346 2489 402 2558 tes
423 2473 566 2558 litteras
587 2473 677 2576 lieri‚
700 2491 736 2559 et
756 2475 866 2590 sigilli
889 2475 1006 2562 nostri
1027 2475 1261 2590 appensione
1281 2476 1540 2562 mandavimus
1561 2476 1743 2562 roborari.
1789 2479 1924 2566 Actum
1944 2493 1984 2566 et

345 2589 473 2677 dutunr
501 2597 733 2678 ll'todnetcuie
754 2594 790 2676 iu
806 2607 933 2677 castro
950 2609 1092 2694 nostro,
1115 2593 1200 2678 idus
1213 2593 1296 2703 (sic)
1318 2594 1456 2694 marcii,
1478 2595 1592 2680 Auno
1616 2593 1763 2683 lloruirni
1784 2595 1841 2684 lll⁰
1864 2597 1981 2686 CCC⁰

345 2723 473 2815 sexto,
505 2711 740 2826 presentibus
762 2709 939 2796 dominis:
965 2710 1143 2796 durosluo
1165 2711 1213 2796 de
1237 2709 1476 2829 Bydgoscin,
1496 2709 1671 2799 dobnnue
1692 2711 1741 2798 de
1773 2719 1984 2826 Wireprod

347 2827 589 2933 CastellaoiS,
623 2829 739 2914 Petro
772 2857 997 2945 mancosyz,
1028 2829 1267 2916 Theoderico
1297 2828 1347 2916 de
1378 2829 1531 2916 'lburen
1552 2830 1696 2916 civibus
1721 2828 1978 2934 Wlodislavie,

344 2944 544 3061 lllycbaele
564 2946 614 3032 de
638 2955 808 3034 rnncnno
830 2943 904 3058 (³),
937 2963 973 3034 et
994 2949 1175 3060 magistro
1207 2949 1325 3036 Petro
1356 2945 1404 3034 de
1440 2953 1654 3036 Gneucouio
1682 2947 1871 3066 plebanis,
1902 2949 1977 3038 Cu-

344 3065 500 3182 pellenis
520 3067 671 3167 uostris,
689 3083 729 3180 et
748 3067 829 3152 aliis
850 3067 972 3153 multis
993 3067 1177 3154 nobilibus
1198 3097 1246 3154 nc
1265 3065 1499 3185 bdediguis.

445 3282 487 3368 (³)
519 3282 640 3350 lueto
653 3284 721 3350 rilln
735 3283 878 3352 territorii
891 3259 1124 3372 degostiepsis,
1137 3286 1274 3372 regionis
1286 3307 1357 3352 roro
1371 3285 1698 3352 Juniwladislnviensis.

916 3547 920 3556 ⁵
1068 3566 1260 3686 CXCIV.
1372 3553 1375 3560 ’

530 3805 868 3910 Buraeutne,
896 3826 1052 3892 anno
1079 3803 1238 3891 1306
1265 3825 1452 3892 nense
1477 3808 1791 3893 Decembre.

346 3989 654 4065 wtuntstnns
668 3996 738 4066 nu
751 3991 939 4078 tuendae,
957 3992 1183 4078 tutontrtnn,
1205 3991 1365 4076 Potentes,
1388 3993 1600 4080 rinnon,
1622 3991 1787 4086 bunnae,
1807 3989 1978 4080 morcon,

343 4092 506 4184 burdine,
527 4093 737 4167 rnnttboncn
756 4095 852 4194 rittnn
875 4094 1604 4288 Wmlliffffilifflllpmmmmm
1625 4093 1830 4192 ltprrcrinrni
1851 4093 1977 4218 notan,

277 4423 285 4436 ·
443 4367 485 4454 ln
511 4367 660 4453 nornine
690 4365 854 4468 lloruiui,
883 4367 1015 4453 Amen.
1067 4365 1186 4480 Quod
1208 4367 1408 4484 magnilica
1430 4368 1635 4483 principum
1658 4367 1826 4455 decrevit
1846 4381 1976 4456 aucto·

341 4489 451 4592 ritus,
488 4501 608 4572 return
640 4501 752 4597 etque
783 4484 915 4571 stabile
946 4483 1060 4572 debet
1094 4512 1326 4602 permanere.
1389 4481 1472 4571 Nos
1503 4487 1616 4604 igitur
1652 4485 1884 4574 Wladislaus
1915 4485 1976 4574 dei

400 4701 404 4706 ’
445 4701 483 4787 (¹)
512 4703 558 4768 Ex
572 4701 732 4788 archetypo
747 4701 960 4776 mebruunceo,
982 4700 1063 4788 quod
1086 4701 1116 4766 in
1131 4697 1279 4766 tabulario
1294 4701 1506 4768 Posnnnicnsis
1521 4703 1690 4788 provinciae
1699 4703 1858 4855 privilegia
1872 4679 1974 4770 bublu-

342 4795 442 4852 torum
457 4789 671 4854 coenobiorum
686 4785 858 4854 continente
874 4797 1052 4860 asservatur,
1072 4785 1228 4872 descripsit
1241 4783 1429 4852 doctissimus
1444 4785 1662 4876 Stronczprlski.

1723 4787 1838 4875 igillunt
1852 4789 1972 4875 provin·

344 4869 410 4938 cine
425 4871 611 4957 Cujurieusis
626 4891 792 4960 appensum
807 4879 853 4938 est
866 4869 923 4938 lilis
937 4872 1040 4940 sericis
1054 4871 1162 4939 coloris
1174 4871 1270 4952 rubri,
1281 4871 1382 4940 viridis
1397 4879 1427 4938 ot
1440 4870 1517 4938 duri
