4896 5926
1099 748 1309 854 l--rm
1362 785 1411 806 -

1060 1075 1068 1088 “
1177 1081 1431 1216 ouum·
1616 1185 1620 1194 .
2019 1261 2021 1266 .

483 1419 486 1428 =
549 1307 843 1468 Bramme,⁸
860 1388 1016 1454 anno
1039 1354 1186 1454 1292
1212 1367 1307 1462 dle
1331 1365 1403 1452 21
1428 1363 1628 1454 meraris
1653 1362 1991 1455 meconem.

455 1537 769 1646 marcu·
792 1573 863 1646 uu
887 1569 985 1662 tom
1011 1569 1160 1644 roncum
1184 1566 1337 1660 runnu
1361 1568 1485 1646 unua
1505 1565 1668 1642 nunna
1692 1567 1850 1662 umam
1870 1568 1977 1660 vnn
1998 1569 2085 1660 any
2275 1668 2279 1676 Ι

867 1671 982 1761 tanat,
1004 1671 1169 1764 alanum
1188 1670 1284 1744 rlltm
1303 1670 1468 1764 pdvllrda
1487 1669 1671 1782 cowll
1763 1705 1766 1712 ¹

554 1895 599 1984 ln
625 1898 775 1986 nominc
804 1891 960 2002 domini,
990 1923 1113 1984 amen.
1164 1874 1282 2009 Qudd
1311 1891 1515 2013 magnilica
1540 1890 1708 1981 decreuit
1737 1895 1942 1982 auctoritas
1971 1894 2082 1982 Prin·

304 2016 309 2024 ’
452 2015 596 2133 cipum,
625 2031 746 2103 ratum
767 2027 880 2131 atque
908 2013 1041 2101 stabile
1070 2011 1184 2100 debet
1211 2040 1445 2130 permanere.
1495 2009 1580 2098 Nos
1600 2012 1714 2129 igitur
1736 2009 1989 2114 wladislaus,
2020 2010 2082 2100 dei

452 2136 577 2253 gralia
615 2133 701 2219 [lux
733 2131 862 2250 Regni
894 2129 1098 2234 Polouiae,
1132 2145 1171 2218 et
1198 2131 1373 2217 dominus
1405 2130 1676 2234 Pomeraniae,
1712 2129 1910 2233 Cuiauiac,
1943 2127 2082 2218 Lanci-

452 2250 537 2338 ciaa
556 2279 605 2337 ac
625 2250 815 2354 sinodice,
846 2265 973 2337 notum
994 2247 1150 2335 lecimus
1176 2248 1380 2352 universis,
1408 2259 1482 2338 tam
1512 2247 1773 2365 praesentibus
1799 2274 1911 2366 quam
1938 2249 2082 2354 lutaris,

452 2379 691 2485 praesentem
718 2369 896 2487 paginam
924 2365 1167 2484 inspecturis:
1199 2365 1316 2479 Quod
1344 2367 1394 2453 ob
1420 2363 1624 2454 remedium
1651 2367 1909 2484 peccaminum
1930 2382 2080 2456 nosue·

451 2513 551 2590 rum,
580 2515 652 2572 nec
681 2517 756 2572 nun
785 2486 835 2572 ob
861 2486 1068 2572 animarum
1098 2486 1381 2602 progenitorum
1406 2499 1622 2572 nostrorum
1643 2483 1868 2585 remedium,
1897 2482 2081 2603 hospitali,

503 2602 554 2689 od
583 2603 734 2718 adjacet
764 2631 883 2723 prope
910 2601 1093 2690 ciuitatem
1114 2617 1282 2689 nostram
1303 2607 1562 2690 Brzcrtcruem
1581 2601 1820 2705 contulinms,
1850 2617 1889 2688 et
1908 2603 2080 2708 omnibus

449 2721 461 2807 i
489 2719 587 2807 idem
607 2721 693 2807 [leo
714 2720 1023 2825 deseruienlibus,
1048 2719 1170 2807 villaro
1191 2717 1329 2808 dictam
1348 2726 1472 2808 Konta
1492 2716 1563 2832 (²),
1594 2719 1765 2806 situatam
1786 2721 1822 2806 in
1842 2735 1942 2806 terra
1963 2720 2079 2806 Cuia·

306 2875 313 2896 =
447 2838 587 2974 aiensi,
617 2867 735 2975 quam·
759 2837 1015 2975 ll³ffilb⁰¹l¹¹⁵.
1030 2836 1153 2974 dictus
1181 2837 1355 2942 Viczsal,
1383 2867 1464 2974 pro
1490 2838 1611 2925 multis
1640 2837 1879 2941 excessibus,
1907 2837 2080 2974 videlicet
2172 2890 2175 2898 »

446 2955 573 3060 lurtm,
603 2957 807 3044 latrocrnus
835 2972 873 3044 et
896 2957 978 3044 alus
1005 2954 1153 3042 unlimlrs
1182 2983 1293 3074 quam
1320 2955 1505 3091 plurimrs,
1533 2968 1717 3082 perpetuo
1746 2967 1785 3042 el
1814 2955 2080 3073 perpetualiter·
2262 3003 2270 3010 ·

446 3071 610 3194 perdidit
629 3073 975 3191 irrecuperabiliter,
999 3072 1087 3190 jure
1105 3072 1354 3160 haereditario
1375 3075 1411 3162 in
1432 3089 1651 3193 perpetuum
1672 3071 1961 3190 possidendam,
1993 3101 2079 3162 cum

447 3191 620 3279 omnibus
649 3192 862 3280 utilitatibus
892 3207 930 3278 et
956 3191 1219 3309 prouentibus,
1249 3192 1311 3310 qui
1338 3219 1438 3280 nunc
1463 3207 1569 3297 suut,
1599 3191 1658 3278 vel
1687 3191 1903 3279 inlaturum
1932 3192 2080 3312 possint

447 3311 604 3414 exoriri,
626 3324 745 3426 prout
773 3307 966 3427 praedicta
995 3307 1209 3396 haereditas
1238 3309 1275 3395 in
1300 3310 1380 3397 suis
1409 3309 1516 3398 metis
1545 3321 1585 3396 et
1611 3309 1776 3398 terminis
1804 3321 1865 3396 est
1893 3309 2076 3398 distincta.

362 3421 375 3430 “
444 3423 593 3515 Dentes
621 3425 815 3547 praedicto
844 3426 1038 3544 hospitali,
1067 3429 1105 3514 in
1125 3425 1292 3515 districtu
1322 3429 1515 3545 praefatae
1542 3425 1673 3532 villae,
1703 3425 1953 3514 molendinum
1983 3454 2078 3516 con·

446 3557 609 3650 struere,
638 3545 733 3630 ultra
755 3572 891 3662 prope,
912 3545 973 3633 ubi
994 3545 1128 3631 lluuius
1150 3544 1330 3633 Bacbora
1349 3545 1460 3634 intrat
1479 3545 1629 3632 lluvium
1650 3543 1787 3632 dictum
1808 3549 2076 3658 Spomcntlccnc

446 3661 497 3750 ita
523 3661 626 3778 quod
656 3663 816 3749 eundem
837 3663 921 3775 (sic)
951 3661 1200 3750 molendinum
1221 3662 1338 3750 libere
1367 3678 1405 3750 et
1424 3663 1640 3767 liberaliter,
1668 3675 1851 3779 perpetuo
1881 3677 1920 3749 et
1938 3692 2076 3782 perpe·

444 3776 593 3867 tualiter
615 3779 704 3896 jure
735 3779 983 3868 haereditario
1018 3781 1055 3866 iu
1084 3793 1304 3898 perpetuum
1335 3779 1553 3900 possidebit
1604 3778 1833 3868 liberamus·
1854 3780 2017 3898 insuper·
2037 3793 2078 3867 el

443 3895 678 3984 absoluimus
698 3897 843 3986 incolas
864 3898 1186 4016 praelataevillae
1206 3898 1257 3985 ab
1278 3898 1451 3986 omnibus
1471 3897 1716 3985 solutionibus
1748 3913 1786 3985 et
1805 3899 2075 4000 exactionibus,

445 4041 545 4134 quae
565 4029 697 4104 nostro
718 4015 882 4104 dominio
903 4014 1148 4104 dinoscuntur
1166 4015 1362 4134 pertinere,
1383 4013 1558 4106 videlicet
1575 4021 1600 4103 b
1615 4047 1747 4118 nnrnr,
1768 4019 1964 4130 apomnoz
1979 4015 2075 4127 (siu),

96 4237 102 4254 .
227 4179 239 4224 ι,
321 4175 333 4218 e
443 4137 654 4246 bpromod,
674 4138 700 4222 a
711 4143 964 4248 podmoromc,
984 4138 1220 4247 bporodlne,
1242 4137 1420 4236 asmona,
1441 4134 1491 4222 ab
1506 4133 1717 4246 adolebis),
1737 4137 1763 4220 a
1781 4139 1886 4236 boue,
1907 4137 2112 4235 baccam.
2174 4179 2178 4186 ·

443 4253 623 4364 luperco,
639 4251 700 4338 'ab
720 4285 791 4340 occ
810 4267 848 4340 et
867 4251 1098 4371 generaliter
1116 4252 1167 4339 ab
1187 4250 1359 4340 omnibus
1379 4251 1461 4370 alijs
1482 4249 1826 4374 inquietationibus,
1855 4279 1955 4368 quaa
1973 4279 2075 4339 nunc

441 4615 470 4682 R
532 4529 591 4679 ,tp
612 4511 659 4598 m
672 4533 909 4634 ,anomaeos
931 4534 1115 4634 sigemano
1136 4535 1266 4634 rugum
1287 4535 1358 4636 ann
1384 4535 1479 4634 rasa,
1504 4555 1583 4622 quae
1605 4535 1681 4600 rom
1701 4553 1795 4634 nanu
1815 4497 1927 4621 nepe
1946 4533 2072 4634 usam
2208 4583 2218 4604 ,

440 4623 650 4768 Ngssplxxwg,
671 4617 909 4766 pn3gprsamensr
931 4619 1078 4685 tabulario
1099 4619 1219 4704 publico
1241 4619 1340 4704 llegm
1362 4619 1506 4686 Polomae
1526 4627 1693 4699 mserratm
1713 4628 1885 4688 monemur
1905 4625 1937 4686 n
1949 4619 2073 4707 quud·

543 4785 585 4866 Ρ)
611 4785 649 4849 Vi
663 4784 689 4849 la
711 4785 751 4850 K
819 4807 847 4850 r.
869 4785 972 4872 Kena
992 4787 1117 4852 interra
1139 4787 1325 4874 Gujmiensi,
1347 4795 1379 4854 et
1398 4787 1533 4854 districtu
1553 4788 1721 4868 Brertansi,
1742 4785 1884 4876 parocbia
1898 4808 1972 4854 vero
1986 4785 2073 4856 Wie-

440 4867 584 4946 nlfflmb
599 4865 637 4932 ad
650 4867 748 4934 rivum
888 4891 930 4948 ze,
945 4870 998 4958 qui
1013 4871 1093 4956 apud
1109 4871 1333 4938 Wladislauiam
1347 4872 1497 4939 vistulam
1511 4873 1619 4952 inlluit,
1633 4873 1700 4940 sita.
