4926 5940
1078 758 1355 831 ...457-

393 955 677 1048 advertebatur
696 971 734 1046 et
754 987 853 1046 nunc
874 985 1006 1046 curma
1026 956 1136 1046 nubis
1165 957 1330 1062 vortitur,
1351 957 1446 1046 inter
1476 957 1643 1074 prosulas
1665 956 1934 1050 Reverendum
1956 989 2024 1079 pa·

313 1156 315 1164 ,
392 1090 486 1166 trom
515 1072 705 1163 dominum
734 1073 970 1183 iohannem,
998 1073 1233 1194 Episcopum
1262 1087 1302 1162 et
1329 1073 1544 1164 Ecclesiam
1582 1074 1944 1164 wladislaviensem
1982 1109 2030 1168 ex

392 1209 497 1304 unu,
514 1219 562 1282 ac
587 1193 782 1295 consules,
815 1194 1085 1311 proconsules,
1116 1194 1303 1312 opidanos
1334 1209 1371 1282 et
1403 1195 1682 1282 universitatem
1709 1193 1809 1310 opidi
1835 1199 2028 1300 Gdncerle,
2055 1199 2061 1287 1

394 1309 726 1400 Wladisluviensis
746 1310 929 1416 diocesis,
961 1310 1009 1400 do
1030 1326 1068 1400 ot
1087 1341 1204 1431 super
1223 1309 1474 1400 demulicione
1494 1309 1630 1400 dumus
1650 1342 1781 1400 menso
1809 1307 2029 1431 Episcopu-

392 1428 438 1518 lis
460 1427 804 1534 Wludisloviensis,
824 1428 1015 1541 rebusque
1035 1429 1118 1547 alijs
1138 1427 1312 1518 deductis
1340 1442 1378 1516 et
1398 1458 1528 1518 earum
1549 1432 1765 1533 occasione,
1791 1429 1961 1547 partibus
1981 1462 2028 1518 ox

257 1547 271 1578 ⁶
393 1547 529 1651 altera,
551 1548 649 1636 beno
669 1547 786 1636 luisse
807 1561 845 1634 et
864 1576 954 1636 esse
973 1577 1215 1666 processum,
1236 1547 1522 1665 pronunciatum
1554 1563 1591 1636 et
1610 1547 1899 1655 sentenciotum,
1929 1549 2028 1648 eius

288 1729 292 1736 ‹
394 1684 468 1778 que
489 1695 715 1783 processum
735 1681 774 1754 et
793 1665 1022 1754 sentenciam
1043 1665 1256 1754 huiusmodi
1276 1666 1571 1754 consumendam
1594 1667 1677 1756 lore
1696 1667 2029 1776 et-cunlrrmamus,
2098 1725 2102 1741 ·

393 1799 431 1874 ot
450 1811 521 1900 pru
543 1797 649 1900 purte
671 1782 855 1872 dicturum
875 1783 1093 1889 consulum,
1124 1783 1408 1902 proconsulum,
1443 1785 1690 1902 opidanorum
1722 1797 1760 1871 et
1780 1786 2029 1876 universitatis

393 1899 495 2018 opidi
511 1899 687 2017 predicti,
700 1899 753 1986 ab
774 1899 910 1988 eudem
931 1900 1084 1990 dominu
1104 1899 1328 2008 Laurencio,
1349 1902 1505 2013 eiusque
1528 1933 1723 2019 processu,
1737 1918 1774 1990 et
1795 1905 2029 1992 esentoncia

394 2017 619 2122 huiscemodi,
642 2017 739 2106 malo
760 2019 877 2106 luisse
897 2033 935 2106 et
954 2050 1042 2108 esse
1064 2034 1312 2136 provocatum
1341 2035 1380 2122 ot
1407 2019 1654 2137 appellatum,
1684 2051 1732 2108 uc
1753 2020 1911 2109 eusdem
1938 2051 2028 2137 pro·

392 2133 590 2236 consules,
620 2134 820 2239 consules,
852 2135 1040 2254 opidanus
1080 2153 1117 2224 ot
1147 2140 1427 2230 universitatem
1468 2139 1571 2254 opidi
1606 2138 1784 2254 predicti,
1824 2140 1860 2226 in
1889 2169 2029 2256 expon-

392 2255 458 2358 sis,
480 2253 748 2343 iatnmsnout
771 2283 889 2342 causa
911 2271 1112 2371 propterea
1129 2285 1258 2342 curum
1276 2257 1385 2344 nubis
1405 2257 1584 2373 legittime
1603 2257 1728 2348 luctis,
1748 2255 2029 2372 coudempuao·
2119 2341 2127 2360 ,

393 2369 465 2458 dos
486 2371 629 2458 loreet
650 2370 994 2573 condempnemus:
1024 2401 1182 2488 quarum
1205 2401 1457 2486 expensurum
1479 2373 1714 2460 taxaciunem
1736 2373 1847 2460 nobis
1866 2376 2029 2490 inposto-

394 2517 476 2581 rum
497 2515 804 2580 reservamus-
842 2513 978 2600 umque
995 2511 1019 2573 a
1035 2491 1227 2578 sentencia
1241 2487 1429 2576 lobannis
1441 2486 1883 2593 dePulomur,uuditoris
1903 2491 2030 2578 huius·

395 2605 511 2703 modi,
535 2635 606 2722 pru
627 2603 940 2721 pentadieturnm
969 2605 1256 2722 proconsulm
1287 2606 1503 2705 consulum,
1534 2603 1782 2723 opidanorum
1813 2621 1851 2692 et
1879 2607 2030 2693 univor-

392 2725 514 2813 sitatis
535 2723 668 2809 luisset
687 2721 736 2808 ad
758 2723 941 2838 prolatam
964 2721 1094 2809 sedem
1116 2723 1355 2840 appellatum,
1378 2722 1500 2811 dictus
1521 2723 1695 2811 dominus
1713 2721 1898 2810 lllartinus
1919 2721 2030 2838 Papa

395 2843 547 2951 quintus
576 2868 734 2926 causam
755 2841 873 2958 ipsius
899 2839 1024 2928 ultime
1044 2841 1314 2956 nppellociunis
1344 2841 1554 2930 venerabili
1581 2857 1618 2928 ot
1638 2843 1913 2954 circumspectu
1946 2841 2029 2928 viru

394 2955 723 3074 duminuJuhunnj
740 2956 962 3046 Andreede
981 2963 1178 3060 Columnas,
1195 2957 1436 3046 decreturum
1451 2959 1616 3076 doctorj,
1638 2957 1835 3046 Canonieo
1855 2955 2044 3071 Ecclesia

392 3075 669 3171 Bononiensis.
701 3087 739 3162 ot
760 3074 847 3162 dicti
869 3076 1017 3193 pallacij
1039 3105 1240 3164 comarum
1261 3075 1472 3194 Apostolici
1493 3077 1653 3192 auditurj
1676 3073 1902 3164 audiendum
1924 3103 2029 3162 cum·

393 3195 507 3299 misit,
538 3191 871 3328 cognoscendam,
893 3192 1144 3281 decidendam
1174 3207 1213 3282 et
1232 3195 1307 3282 lino
1328 3191 1455 3283 debito
1486 3193 1760 3282 toruu'nundam
1789 3223 1873 3282 cunr
1910 3194 2029 3280 omni·
2147 3199 2155 3206 ’

392 3313 473 3408 bus·
501 3324 539 3400 et
569 3311 728 3430 sagulis
764 3312 843 3400 suis
879 3312 1148 3431 emergencijs,
1185 3312 1424 3430 incidencijs,
1457 3311 1727 3430 dependoncijs
1763 3325 1802 3398 et
1836 3311 2029 3398 connexis
2075 3385 2078 3396 .

391 3427 484 3543 Qui,
506 3457 635 3518 uorem
658 3458 706 3516 eo
726 3431 822 3518 inter
842 3445 971 3547 partes
995 3429 1205 3547 predictas,
1219 3446 1284 3518 aut
1305 3460 1435 3520 eurum
1455 3443 1741 3550 procuratores,
1762 3430 1799 3516 in
1819 3453 1939 3516 causa
1959 3429 2028 3516 hu·

390 3548 551 3638 iusmodi
572 3545 721 3658 aliquali
746 3551 962 3644 continuato
985 3578 1188 3664 processu,
1218 3577 1267 3636 oc
1288 3545 1426 3636 deinde
1447 3551 1594 3665 prolatu
1622 3547 1774 3636 domino
1796 3561 1927 3636 nostru
1947 3546 2027 3632 Pa-

390 3693 442 3783 pu
462 3666 611 3778 quinto,
643 3667 740 3755 sicut
760 3663 942 3759 altissimo
964 3667 1103 3784 placuit
1123 3667 1172 3754 de
1198 3665 1322 3754 medio
1343 3665 1516 3769 subluto,
1548 3679 1585 3755 et
1605 3665 1844 3756 sanctissimo
1865 3666 1900 3752 in
1922 3663 2029 3752 Chri·

390 3796 452 3875 stu
481 3795 590 3901 patro
609 3798 645 3870 et
666 3781 819 3875 dominu
846 3799 989 3890 nostro,
1015 3783 1169 3874 dominu
1196 3783 1386 3905 Eugenia
1418 3785 1543 3874 divino
1570 3787 1722 3872 lavante
1750 3784 1955 3872 clemencia
1977 3777 2028 3866 ud

390 3902 524 3990 summi
545 3900 784 4018 apostolatus
804 3903 951 4020 apicem
974 3919 1189 4023 assumpto,
1221 3929 1414 4016 causaque
1434 3903 1647 3992 huiusmodi
1677 3902 1726 3990 de
1746 3903 1828 3990 eius
1848 3897 2027 3988 mundato

389 4020 425 4104 in
447 4033 545 4104 statu
566 4017 692 4111 debito
712 4034 916 4136 resumpta,
937 4023 1103 4139 cognitis
1123 4023 1241 4134 ipsius
1261 4051 1379 4108 causo
1398 4022 1556 4122 meritis,
1587 4021 1655 4106 rito
1676 4017 1912 4132 procedens,
1943 4045 2026 4102 sor·

389 4136 486 4225 vatis
506 4135 726 4238 servandis,
758 4139 989 4222 sentenciam
1010 4139 1046 4222 in
1067 4139 1217 4250 scriptis
1239 4137 1317 4222 tulit
1338 4151 1375 4222 et
1396 4135 1649 4254 promulgavit
1668 4135 1704 4221 in
1725 4132 1798 4222 hec
1818 4133 1952 4220 verba:

436 4319 442 4328 .
491 4249 553 4340 De
581 4250 817 4347 dominorum
844 4252 1114 4340 Cuauditurom
1146 4265 1357 4338 nostrorum
1389 4253 1545 4341 consiliu
1576 4264 1615 4338 ot
1646 4281 1811 4340 assensu
1840 4280 1909 4368 per
1929 4249 2028 4338 lnunc

389 4385 555 4463 nostram
576 4370 825 4474 sentenciam,
849 4399 971 4488 quam,
992 4400 1062 4486 pru
1085 4371 1252 4458 tribunali
1274 4369 1452 4460 sedentes
1473 4387 1511 4459 et
1531 4370 1654 4460 solum
1675 4370 1788 4458 deum
1808 4397 1876 4487 pro
1905 4364 2025 4456 nuidis

385 4490 591 4584 habmus,
613 4487 763 4578 ierimus
785 4491 820 4575 in
842 4489 913 4606 hijs
935 4489 1099 4606 scriptis,
1121 4491 1437 4606 pronunciamus,
1460 4489 1699 4578 decernimus
1719 4507 1756 4577 et
1776 4487 2026 4594 declaramus,

300 4613 303 4624 '
390 4639 459 4726 per
479 4609 662 4724 prelatum
684 4604 874 4696 dominum
894 4605 1107 4696 iohannem
1124 4607 1173 4696 de
1186 4614 1375 4713 Petuntur,
1394 4607 1664 4696 Cuauditurom
1681 4618 1862 4712 nuscum,
1882 4608 1918 4694 in
1935 4634 2027 4694 cau·

389 4755 445 4831 su,
467 4757 540 4845 que
559 4737 649 4814 tunc
668 4755 799 4813 curum
820 4755 867 4813 eo
889 4725 1123 4834 vertebatur,
1144 4741 1182 4813 ot
1202 4756 1301 4814 mmc
1321 4749 1450 4814 curam
1472 4727 1581 4814 nubis
1602 4728 1778 4832 vertitur,
1809 4726 1904 4816 inter
1935 4753 2024 4841 pro·

389 4845 501 4934 latum
513 4843 787 5025 {leuprandum
804 4857 947 4962 putrem
964 4843 1154 4934 domiuum
1169 4845 1394 4952 iohannem,
1412 4842 1646 4964 Episcopum
1665 4843 2022 5032 Wladislpmeusem
