4878 5942
1032 741 1308 820 *305-

1050 1040 1299 1164 CCCXLV.
1965 1181 1968 1188 y

363 1277 920 1376 rasamraararavaae,
945 1293 1103 1368 aare
1127 1273 1289 1366 reos
1317 1276 1411 1362 aaa
1435 1275 1501 1362 rr
1526 1237 1733 1366 maa
1758 1209 1983 1383 namra
2147 1342 2151 1350 .

364 1474 673 1552 wladislaus
684 1476 753 1552 lex
764 1476 912 1554 letaniae
927 1477 1033 1555 viltam
1051 1479 1207 1562 Wonorm,
1217 1475 1427 1572 smrovago
1441 1477 1480 1553 dr
1494 1478 1627 1554 lantino
1641 1476 1773 1574 palatini
1787 1479 1990 1556 ontisstanrts

215 1628 222 1643 .
328 1579 528 1675 'propriam
541 1583 618 1674 part
631 1585 763 1658 manem
779 1581 919 1677 omnam
932 1579 965 1656 tn
978 1579 1145 1656 tammam
1158 1577 1378 1672 tplreopornm
1386 1575 1686 1656 ltlroidanlanslnm
1699 1579 1902 1656 transituram
1916 1595 1990 1658 aare
2136 1633 2140 1642 -

1076 1679 1216 1758 remmia
1236 1681 1287 1771 (¹).

466 1873 723 1982 wladislaus,
754 1872 814 1962 dei
834 1875 965 1994 praem
985 1872 1074 1964 Rex
1094 1873 1266 1983 Polemio,
1294 1865 1564 1994 Lithnanieqne
1585 1875 1761 1993 prinecps
1781 1874 1992 1993 Supremas

366 2007 405 2081 et
422 1991 536 2079 heres
555 1989 698 2081 Bossia
717 2007 788 2082 eto.
810 1991 1077 2114 Signifioamne
1105 2009 1236 2082 tenore
1263 1993 1501 2110 presencium
1527 1993 1733 2099 universis,
1768 1995 1902 2111 quibus
1923 2023 1992 2081 ex·

203 2217 208 2224 ,
366 2108 470 2228 pedit
489 2123 566 2198 tam
631 2109 823 2200 arentibus
852 2142 964 2232 quarm
982 2112 1131 2216 laturis,
1161 2109 1213 2198 ad
1233 2113 1297 2207 rei¹
1310 2112 1528 2198 memoriam
1564 2109 1838 2228 sempiternamr
1879 2110 1993 2224 Quo·a

366 2226 482 2318 modo
501 2227 584 2316 Mat
610 2230 667 2317 ias
686 2228 736 2365 de
757 2235 986 2366 Worarorele,
1001 2229 1129 2318 luders
1144 2227 1380 2364 Kalisiensis,
1395 2241 1525 2316 noster
1543 2227 1664 2316 lidelis
1684 2229 1854 2366 dileotps,
1863 2251 1994 2316 eoram

366 2347 1996 2582 tttt‚totttttttttlttnttttttltltttttttttttztttttgtt

368 2585 566 2696 Srladprro
585 2581 852 2695 Panormitae)
872 2581 1094 2670 Kalisieosis
1103 2581 1236 2688 militis,
1251 2582 1369 2668 nostri
1382 2579 1506 2668 fidelis
1518 2578 1640 2666 ddooti
1656 2576 1811 2692 (²)‚norr
1826 2597 1996 2689 anaema,
2023 2635 2028 2640 ·

369 2727 444 2788 sao
458 2700 687 2819 compulsas,
703 2730 827 2819 neque
841 2700 890 2788 ali
918 2726 969 2789 oo
985 2723 1116 2787 errore
1129 2698 1321 2804 reduetus,
1335 2697 1405 2786 sed
1420 2696 1837 2815 plame(sio)deliberato
1858 2700 1995 2787 animoa
2155 2794 2157 2798 Α

369 2847 551 2908 assereus
571 2819 870 2938 prenominatrm
893 2731 1209 2938 dendrivogium,
1228 2815 1450 2905 Palletionm
1470 2816 1652 2906 Patrono]
1672 2839 1800 2922 snum,
1832 2845 1880 2903 ex
1900 2835 1996 2934 qua-

371 2933 460 3024 dam
479 2935 688 3025 imfirmitate
707 2937 809 3025 aden
828 2939 878 3024 ita
899 2936 1080 3043 debilem,
1101 2950 1141 3022 et
1158 2937 1197 3022 in
1217 2937 1374 3055 organis
1394 2934 1542 3056 loquele
1561 2931 1796 3052 impeditam,
1825 2949 1939 3052 prout
1957 2933 1996 3022 id

371 3054 494 3171 ipsum
515 3054 624 3144 nobis
645 3070 704 3144 est
724 3056 927 3161 potamum,
959 3053 1061 3174 quod
1091 3053 1328 3173 infrascripta
1356 3051 1456 3140 idam
1483 3051 1766 3170 Sandzirogins
1786 3053 1997 3169 exprimere

371 3200 448 3260 non
468 3171 621 3260 valeret:
651 3173 800 3290 publiea
819 3173 1044 3294 recognovit
1064 3185 1101 3260 et
1123 3175 1322 3260 confessus
1343 3187 1420 3276 est,
1450 3169 1642 3290 quomodo
1664 3171 1762 3262 idern
1784 3169 1995 3260 Sandzivo·

373 3290 461 3408 giras
480 3287 604 3377 villam
633 3287 826 3396 Wonorze,
847 3319 976 3378 mense
997 3289 1225 3408 episcopalis
1246 3282 1589 3395 Wladislaviensis‚
1616 3290 1725 3378 sitarn
1747 3289 1783 3376 in
1805 3299 1905 3376 terra
1926 3316 1996 3394 naq

374 3422 453 3496 stra
484 3406 731 3546 Cuyaviensi,
760 3424 797 3496 et
826 3409 863 3496 in
893 3409 1068 3544 districtu·
1097 3407 1391 3496 Gnewooviensi
1426 3405 1503 3520 (³),
1554 3400 1702 3496 nonnisi
1741 3405 1793 3493 ad
1830 3403 2001 3540 suavita

373 3522 1998 3761 tttt}ttltrot„t{tttlssnttt‘tttltntttttortqttrtltt

375 3759 448 3850 bus
467 3761 720 3880 appellantur,
741 3761 851 3851 nullis
868 3761 982 3867 loro,
1001 3762 1248 3880 proprietate,
1268 3773 1336 3848 aut
1352 3759 1518 3850 dominio
1536 3761 1575 3848 io
1593 3759 1728 3850 eadem
1749 3759 1837 3850 villo
1864 3765 2000 3848 Wano·

374 3909 442 3966 rae
467 3909 538 3996 pro
559 3877 694 3968 eodem
731 3878 990 4000 Sandzivogio
1009 3895 1079 3966 ant·
1094 3879 1173 3968 suis
1193 3877 1396 3967 heredibus
1415 3877 1476 3967 vel
1496 3878 1784 3966 successoribus
1811 3875 1846 3960 le
1878 3875 2000 3962 'ttirnis

377 3997 598 4102 reservatis,
628 3994 680 4084 nd
699 3995 970 4086 Reverendum
989 3997 1027 4084 in
1047 3995 1198 4084 Christo
1219 4003 1365 4116 patrem
1384 4006 1420 4084 et
1440 3994 1631 4082 ommam
1646 3983 1834 4082 dominnm
1847 3905 2000 4108 inhnm-

374 4103 682 4232 nem,deigraeta
695 4109 928 4232 Episcopum
940 4105 1294 4202 wladislaviensem
1311 4125 1349 4200 et
1364 4103 1498 4198 donem
1510 4103 2001 4229 Oputiensemtsio),eteios

377 4259 564 4336 memsam,
594 4243 633 4318 et
650 4227 901 4347 Episcopum,
921 4232 984 4348 qni
1004 4254 1074 4348 pro
1095 4245 1265 4347 tempore
1285 4223 1392 4316 suerit
1412 4227 1768 4317 wladislaviensem
1788 4227 1900 4346 pleno
1921 4229 2001 4317 iure

478 4527 521 4617 (¹)
548 4528 595 4600 Ex
610 4525 768 4618 rmhetppo
783 4531 1014 4598 membranaceo
1027 4527 1166 4596 tabularii
1180 4524 1301 4616 arpinrli
1314 4517 1583 4597 Wtrdlslnntemis
1617 4522 1766 4595 ansdo
1780 4525 1876 4594 serien
1890 4519 1998 4594 eoloris
2157 4563 2161 4577 ·

219 4621 223 4627 '
279 4683 282 4688 .
316 4647 319 4653 ·
379 4617 544 4685 eoedoeia
566 4637 693 4704 pansum
708 4625 754 4682 ast
767 4617 896 4766 rippllum
912 4614 1029 4682 mediae
1043 4613 1258 4700 lormnevrrlgo
1274 4614 1391 4699 allega
1408 4614 1574 4680 wladislao
1594 4613 1754 4690 usitatum,
1771 4612 1835 4711 jpm
1856 4611 1999 4678 deletum.

228 4781 229 4786 ,
420 4733 424 4744 ·
480 4701 521 4786 Ρ)
583 4715 657 4768 ores
680 4711 751 4767 sumt
774 4721 804 4766 rr
824 4721 860 4766 aa
920 4721 1011 4782 qaeu
1029 4707 1060 4765 et
1080 4694 1347 4780 quoaredlatm
1372 4693 1571 4785 lrrprorineir
1585 4697 1758 4766 Gatirsiensi
1771 4701 1859 4772 atter
1884 4693 2001 4762 Senon

378 4783 531 4956 (Srdtlplp)
545 4785 695 4937 iim
703 4786 845 4852 temltodi
859 4783 1095 4873 syngomtemtm
1118 4781 1249 4868 regionis
1262 4790 1361 4869 rapat.

580 4894 589 4936 l

514 4871 523 4954 l
690 4891 798 4937 oraru
811 4869 901 4938 hodia
916 4870 947 4936 in
962 4867 1112 4936 territorio
1127 4866 1351 4955 Bpogosttanst
1376 4867 1501 4952 ragione
1516 4887 1589 4934 raro
1617 4864 1921 4933 Jnniwlodislrrierrsi
1936 4863 2003 4930 sitta
