4896 5926
1120 737 1393 811 -128-

444 940 567 1059 villooj
596 941 682 1030 ville
700 938 885 1058 prediote,
915 968 987 1027 neo
1007 938 1107 1026 eitoti
1128 965 1369 1056 comparere,
1397 968 1468 1026 neo
1488 936 1724 1056 respondere
1744 936 1950 1058 aliqualiter
1970 957 2074 1032 tene·

443 1077 564 1166 antor,
584 1088 730 1146 omnem
751 1058 905 1175 insuper
924 1056 1131 1144 libertatem
1152 1056 1366 1163 tribuentes,
1392 1085 1504 1176 quarn
1524 1057 1750 1148 venerabilis
1771 1071 1880 1176 pater
1900 1057 2073 1148 dominus

326 1259 335 1301 χ
444 1175 773 1268 Wladislaviensis
799 1174 1016 1294 Episcopus
1045 1175 1082 1262 in
1110 1176 1190 1262 suis
1218 1173 1334 1279 villis,
1367 1175 1403 1260 in
1433 1173 1597 1264 dominio
1627 1175 1875 1283 Pomoranie,
1905 1179 2075 1266 noscitur

444 1298 624 1417 optinere.
654 1294 797 1382 Daunus
814 1295 938 1381 troiam
957 1292 1173 1382 Theodrioo
1194 1293 1340 1408 prelato
1360 1293 1514 1380 liberam
1535 1305 1760 1410 potestatem
1775 1293 1935 1383 eandem
1950 1295 2073 1383 villaro

345 1420 348 1430 '
443 1411 643 1516 vendendi,
669 1409 867 1518 alienandi,
894 1410 1145 1529 permutandi,
1176 1408 1359 1516 donandi,
1386 1409 1537 1497 looandi
1559 1439 1785 1530 quoeunque
1797 1411 2073 1530 jureuoluerit,

444 1549 481 1622 et
496 1529 589 1620 alias
605 1527 653 1618 de
668 1531 762 1650 ipsa,
783 1545 895 1648 prout
912 1557 1005 1616 vero
1024 1527 1176 1617 domino
1193 1529 1380 1645 competit,
1402 1526 1460 1615 dis
1488 1528 1636 1634 onendi,
1658 1542 1695 1615 et
1715 1545 1791 1616 tam
1811 1531 1847 1616 in
1864 1529 2072 1620 secularem

442 1679 658 1770 personam,
675 1678 785 1766 quarn
802 1647 838 1732 in
854 1646 1162 1754 ecelesiasticam,
1177 1660 1241 1732 aut
1257 1643 1445 1732 dominum
1461 1559 1692 1764 llpisoopum
1706 1645 2075 1751 Wladislaviensem,

442 1769 504 1858 vel
524 1797 632 1856 suain
652 1764 863 1852 Eeolesiam
885 1763 1141 1852 transterendi:
1163 1778 1293 1851 nostro
1315 1776 1604 1884 nostrorumque
1625 1793 1892 1853 suceessorum
1912 1794 2073 1854 assensu

442 1915 561 2006 super
592 1881 667 1971 hoo
697 1881 844 1968 minime
877 1873 1074 1999 requisito:
1110 1879 1314 1968 dummodo
1349 1881 1433 1969 talis
1462 1884 1590 1988 luerit,
1625 1911 1693 2000 per
1726 1911 1837 2003 quarn
1870 1881 2087 2002 dompnum.

443 2005 718 2125 terrigenarum
735 2015 907 2106 auterre,
929 1999 1140 2087 seu.touius
1160 1997 1214 2084 rei
1235 1997 1383 2116 publioe
1400 1999 1609 2089 nullatenus
1631 2015 1874 2119 procurretur
1887 2002 1982 2112 (sio).
2013 1997 2073 2089 Ne

442 2135 568 2212 autem
600 2147 718 2236 super
745 2117 819 2204 boe
846 2115 997 2234 aliquod
1029 2115 1180 2204 dubium
1210 2118 1370 2222 oriatur,
1406 2147 1567 2235 presens
1596 2119 1774 2238 seriptum
1803 2119 1921 2207 nostri
1950 2117 2073 2239 sigillli

442 2237 643 2326 munimine
662 2235 817 2323 lecimus
837 2235 1065 2322 communiri.
1117 2233 1254 2324 dotum
1281 2249 1318 2320 et
1342 2233 1467 2322 daturo
1495 2237 1532 2322 in
1558 2236 1702 2342 Sveoe,
1732 2237 1769 2322 in
1790 2235 1850 2322 die
1873 2235 2015 2325 Cosme
2036 2253 2073 2324 et

444 2355 618 2444 Damiani
647 2367 868 2470 martyrum,
898 2379 997 2440 anno
1024 2351 1162 2440 domini
1191 2351 1248 2440 M⁰
1270 2352 1352 2439 CC⁰
1372 2353 1621 2472 nonagesimo
1642 2368 1794 2471 quarto,
1823 2355 2072 2472 presentibus:

439 2471 566 2563 Paulo
586 2472 771 2578 Palatino,
797 2469 986 2556 Staoislao
1006 2469 1234 2574 Castellaoo,
1263 2470 1430 2588 Dalesyo
1450 2470 1714 2589 Subdapiiero‚
1742 2471 1951 2590 Preoyslao
1971 2472 2072 2561 Sub·

289 2657 304 2706 ,
442 2591 622 2711 pincerna
633 2583 908 2694 Sveoeosibus,
936 2586 1162 2693 'theodrico
1188 2586 1391 2698 Wolrado,
1412 2589 1648 2697 Audaciaod,
1669 2589 1836 2698 iliberto,
1858 2589 2070 2708 Capellonis

444 2709 546 2796 ouria
567 2719 707 2814 nostre,
727 2719 766 2796 et
784 2705 867 2846 olijs
888 2735 1000 2826 qoam
1020 2705 1187 2826 pluribus
1208 2703 1283 2796 fide
1303 2705 1440 2830 dignis.

1192 3053 1328 3172 uttt.
1479 3043 1483 3052 ’

919 3322 1232 3423 veroniae,
1258 3344 1415 3410 anno
1439 3319 1604 3412 1295.

444 3527 558 3602 oona
572 3527 817 3600 mer-ue
832 3524 1030 3600 mono
1042 3525 1417 3620 nonanoeane
1431 3543 1568 3602 monn
1581 3489 1837 3623 demonio
1850 3530 1959 3606 vnn
1973 3535 2071 3603 nn„

888 3625 1631 3759 monopovrrurpnmnnrotn).
2068 3669 2071 3676 ι

544 3847 588 3937 ln
609 3849 759 3938 nomine
779 3848 929 3956 domini,
949 3835 1084 3938 arnan(
1107 3848 1292 3939 Nouerint
1311 3851 1475 3941 uniuersi
1495 3867 1570 3940 tam
1590 3869 1805 3973 presentes,
1818 3885 1929 3978 quoru
1949 3859 2069 3948 nitori:

440 3966 545 4088 qood
571 3997 649 4090 ego
676 3969 815 4056 Comes
842 3967 1047 4058 Prezslaus
1077 3968 1315 4057 Castellanus
1340 3967 1588 4079 Bresoensis,
1618 3971 1669 4062 de
1692 3974 1884 4066 voluntate
1912 3990 1950 4065 et
1976 4005 2069 4066 oon·

440 4115 557 4175 sensu
590 4099 759 4176 rneorurn
789 4085 971 4193 liliorum,
1005 4087 1149 4176 Albrioi
1183 4101 1220 4175 et
1254 4085 1451 4205 Rozdalij,
1487 4091 1690 4178 venerabili
1720 4093 1757 4180 in
1790 4092 1940 4182 Christo
1972 4096 2068 4212 patri

440 4201 625 4322 wyslae,
654 4203 715 4293 dei
735 4207 869 4324 gracia
892 4203 1198 4314 Wlodislauiensi
1218 4205 1422 4324 episeopo,
1455 4219 1492 4293 et
1512 4237 1582 4295 sue
1610 4209 1792 4318 eoelesie,
1815 4210 1964 4318 villam,
1993 4241 2068 4331 que

440 4325 568 4410 Setino
588 4319 643 4436 (ὓ)
672 4324 866 4442 wlgariter
896 4339 1151 4441 nunoupator,
1186 4352 1257 4442 pro
1292 4337 1439 4412 eentum
1475 4327 1613 4415 mareis
1649 4328 1814 4447 argenti⁸
1827 4328 2069 4441 thorooensis

302 4459 307 4462 ·
441 4455 590 4530 monete
617 4439 789 4548 vendidi,
817 4443 897 4532 iore
922 4441 1149 4532 hereditario
1176 4445 1451 4559 inperpetuum
1481 4442 1772 4563 possidendam:
1802 4475 1915 4565 qoam
1935 4445 2067 4540 vendi·

440 4685 838 4844 indidem
851 4688 1086 4840 ,ἛᾞἘΜ
1103 4689 1246 4758 “b‘'”l
1263 4691 1383 4780 “llll
1400 4615 1664 4762 mutu&
1695 4693 1790 4782 tuiti
1809 4693 1928 4804 omno
1947 4695 2067 4767 onnon

541 4855 581 4944 (η
611 4855 800 4925 VM*
813 4857 845 4924 ⁵¹¹
858 4783 1231 4945 mffisslffll
1245 4815 1609 4948 ‘tutio-ottonum
1622 4863 1688 4932 nn„
