4876 5940
1024 695 1077 784 -'
1128 729 1197 802 ror
1254 769 1299 786 -

342 927 426 1018 silio
446 943 689 1018 etconsensu
704 927 805 1016 lilioli
819 928 879 1016 sui
894 927 1133 1044 Scarbymiri,
1154 943 1192 1016 et
1210 931 1363 1021 fratrum
1385 957 1538 1018 suorum
1560 931 1780 1044 patruelium
1796 933 1974 1044 Floriani,

340 1045 543 1150 lobannis,
574 1047 710 1136 lacobi
731 1059 770 1132 et
789 1046 983 1152 soniste,
1014 1048 1136 1136 villam
1163 1079 1270 1136 suam
1296 1051 1332 1136 in
1355 1049 1541 1138 territorio
1561 1047 1832 1168 Bydgoscensi
1854 1055 1975 1158 sitam,
2046 1143 2051 1153 ,

345 1169 537 1252 Goccr'rad
554 1164 690 1252 dictam
712 1162 786 1276 (2),
844 1195 890 1252 ua
918 1165 1037 1280 ipsum
1067 1194 1090 1250 a
1113 1182 1273 1278 paterna
1293 1169 1542 1254 successione
1567 1169 1829 1286 contingebat,
1861 1201 1973 1290 quam
2021 1213 2032 1253 r

341 1283 444 1372 iratri
466 1282 651 1371 Bertoldo
672 1283 808 1370 Abbati
817 1195 1079 1398 (byssoviensi
1102 1283 1259 1372 Ordinis
1282 1283 1569 1400 Cystereiursis,
1591 1301 1629 1372 et
1649 1289 1732 1402 ejus
1752 1286 1973 1396 Conventui,

342 1431 413 1522 pro
449 1401 654 1519 nonaginta
690 1401 827 1488 marcis
863 1400 1102 1486 denariorum
1140 1399 1324 1488 usualium
1366 1417 1402 1488 et
1437 1403 1595 1490 stamina
1630 1406 1760 1607 griseo
1795 1405 1973 1494 vendidit:
2025 1403 2050 1487 r'

342 1520 505 1608 exclusis
527 1519 709 1626 omnibus,
730 1520 792 1638 qui
813 1517 965 1638 aliquod
980 1519 1045 1634 jus
1066 1517 1115 1606 ed
1139 1518 1296 1606 eaodem
1318 1518 1560 1608 hereditatem
1582 1521 1631 1607 ba
1658 1551 1722 1608 ere
1738 1521 1973 1630 videbantur,

341 1668 410 1756 spe
430 1635 698 1755 redemptionis
719 1635 934 1754 pecuniaria
956 1637 1101 1754 penitus
1122 1635 1282 1755 abjecta:
1304 1639 1423 1753 ipsam
1440 1667 1523 1726 curn
1542 1654 1618 1726 toto
1635 1637 1759 1742 fluvio,
1783 1643 1844 1760 qui
1862 1649 1974 1730 Dlrc

340 1755 536 1874 vulgariter
564 1769 817 1873 nuncupatur,
845 1783 930 1842 cum
958 1756 1169 1872 piscatura,
1199 1769 1237 1842 et
1257 1755 1429 1843 omnibus
1458 1771 1495 1844 et
1515 1756 1674 1876 singulis
1700 1757 1915 1848 utilitatibus
1935 1775 1974 1848 et

341 1874 578 1992 pertinenciis
599 1874 692 1976 suis,
720 1871 911 1960 videlicet:
943 1873 1066 1992 agris,
1096 1874 1224 1990 pratis,
1245 1873 1359 1978 silvis,
1381 1877 1545 1990 pascuis,
1566 1878 1792 1981 nemoribus,
1814 1878 1973 1996 aliisque

338 1989 519 2082 fructibus
539 2004 575 2078 et
594 1991 849 2108 proventibus,
869 2021 942 2110 que
958 1991 1040 2104 (sic)
1062 2021 1162 2080 nune
1181 2005 1280 2096 sunt,
1300 2007 1365 2078 aut
1385 1995 1420 2080 in
1442 1993 1600 2080 loturum
1622 1996 1766 2114 emergi
1789 2009 1971 2110 poterunt

339 2107 547 2200 seeundum
573 2107 675 2228 quod
704 2125 763 2198 est
791 2109 826 2196 in
847 2112 926 2196 suis
947 2109 1112 2198 terminis
1132 2139 1201 2198 sau
1222 2107 1386 2230 gadibus
1406 2111 1608 2230 antiquitus
1628 2111 1798 2198 limitata:
1829 2113 1973 2230 prelata

339 2227 465 2315 domui
492 2225 742 2344 Byssoviensi
772 2241 809 2316 et
829 2231 1028 2317 conventui
1058 2229 1211 2316 fratrum
1238 2225 1395 2332 ibidem,
1419 2230 1506 2345 jure
1533 2229 1759 2318 hereditario
1788 2245 1971 2348 perpetuo

339 2345 557 2448 tenendam,
587 2345 820 2446 habendam,
850 2375 898 2432 ac
925 2347 1043 2434 eciam
1074 2345 1364 2461 possidendam,
1394 2376 1525 2433 coram
1545 2347 1655 2434 nobis
1684 2361 1722 2434 et
1741 2349 1882 2437 nostris
1902 2348 1970 2436 ba·

338 2461 494 2550 ronibus
522 2465 740 2578 resignavit.
796 2460 879 2550 Nos
909 2463 1021 2581 igitur
1050 2463 1098 2550 dc
1128 2463 1227 2550 dicte
1258 2461 1394 2550 domus
1424 2461 1696 2580 Byssoviensis
1725 2467 1972 2581 promociona

338 2579 562 2698 diligencius
597 2579 849 2684 intendentes,
886 2581 955 2696 ipsi
986 2579 1111 2666 domui
1147 2594 1184 2666 et
1207 2581 1383 2666 iratribus
1417 2581 1554 2666 ibidem
1584 2597 1817 2698 prenotatam
1848 2584 1971 2672 villam

341 2702 531 2788 Goscr'rcd
549 2727 633 2784 oum
655 2711 734 2784 toto
750 2697 875 2800 lluvio,
895 2697 957 2812 qui
978 2705 1087 2786 Dlra
1107 2697 1250 2801 dicitur,
1271 2726 1356 2784 cum
1376 2698 1567 2811 piscatura
1588 2713 1625 2784 et
1646 2699 1817 2786 omnibus
1837 2701 1970 2786 utilite-

337 2817 434 2906 tibus
463 2845 511 2902 ec
540 2816 651 2934 pleno
677 2831 810 2902 nostro
831 2813 994 2904 dominio
1024 2829 1061 2902 ct
1074 2813 1237 2932 judicio,
1260 2816 1348 2932 jure
1377 2813 1603 2902 hereditario
1634 2813 1903 2934 possidendam
1933 2819 1970 2906 io

337 2949 556 3054 perpetuum
592 2964 661 3050 per
695 2949 908 3052 presentem
945 2933 1101 3021 litteram
1138 2931 1415 3020 confirmamus.
1474 2931 1653 3020 Preterea
1688 2931 1889 3038 edicimus,
1931 2949 1970 3026 ul

237 3135 246 3146 .
338 3053 462 3140 coloni
490 3053 683 3168 sepedicto
712 3051 797 3140 ville
824 3055 1013 3140 Gosrr’rad
1031 3049 1261 3169 meoiudicio
1285 3051 1428 3156 Castri,
1458 3049 1599 3138 neceb
1623 3055 1784 3166 Oppole,
1816 3053 1848 3140 si
1869 3053 1969 3143 citati
2021 3041 2045 3142 ι’

336 3171 479 3272 luerint,
501 3169 663 3257 debeant
684 3199 916 3286 comparere,
937 3199 1067 3258 coram
1088 3170 1200 3273 nullo,
1220 3172 1291 3260 nisi
1311 3200 1440 3258 coram
1463 3170 1621 3274 Abbate
1643 3171 1701 3258 vel
1718 3171 1800 3285 ejus
1816 3171 1968 3276 vicario,

338 3317 448 3408 mem
477 3289 559 3408 ipse
587 3288 720 3376 Abbas
752 3289 999 3392 constituerit,
1029 3317 1100 3406 pro
1130 3287 1294 3406 qualibet
1321 3317 1439 3376 causa
1468 3287 1705 3406 respondere
1734 3288 1968 3376 tenebuntur.

230 3493 238 3507 ,
336 3406 481 3494 Demus
501 3407 621 3494 eciam
642 3408 696 3494 eis
718 3405 921 3524 plenariam
941 3407 1148 3494 libertatem
1170 3407 1206 3492 in
1227 3408 1371 3523 prelata
1393 3405 1617 3509 hereditate,
1639 3407 1699 3510 ita,
1721 3421 1760 3494 ot
1779 3405 1828 3492 ab
1850 3407 1968 3494 omni·

336 3525 410 3612 bus
441 3523 654 3630 laboribus,
690 3524 969 3630 exactionibus,
1004 3523 1280 3630 solucionibus,
1316 3525 1500 3626 vecturis,
1535 3525 1716 3625 araturis,
1756 3553 1779 3610 a
1808 3532 1967 3637 prevod,
2009 3623 2012 3628 ¹
2075 3623 2081 3650 ξ

336 3675 362 3730 a
375 3675 580 3756 pocoroue,
601 3641 955 3756 apodoolooe(sic),
976 3671 998 3728 o
1007 3673 1145 3756 poooz,
1168 3649 1324 3742 obices,
1345 3673 1516 3739 amaroz,
1537 3671 1561 3726 a
1579 3649 1732 3755 cymeth,
1753 3671 1776 3728 a
1797 3662 1967 3743 pestana,
2008 3628 2019 3708 1
2072 3653 2080 3702 ³
2128 3663 2140 3696 ²·
2191 3643 2204 3710 ι’
2250 3675 2258 3703 ·

335 3767 546 3862 evenire,
575 3779 773 3858 amorum,
799 3768 1042 3874 oporudlne,
1069 3790 1092 3846 o
1116 3779 1257 3860 strosu,
1284 3768 1437 3860 otone,
1465 3789 1642 3862 auaccu,
1671 3789 1832 3870 oporco
1860 3773 1897 3844 et
1917 3760 1967 3846 ab
2022 3791 2030 3836 u
2094 3768 2102 3838 i

335 3877 418 3966 aliis
446 3878 630 3965 universis
662 3878 964 3998 gravaminibus,
997 3879 1282 3998 quibuscunque
1302 3877 1512 3968 nominibus
1534 3889 1780 3972 censeantur,
1811 3873 1967 3992 predicti

336 3996 470 4084 iratres
491 4027 575 4084 cum
596 3995 806 4086 bominibus
827 4025 976 4099 eorum,
1004 3997 1040 4084 in
1055 3999 1137 4114 jaro
1157 3995 1255 4084 dicta
1276 3995 1484 4084 hereditate
1504 3993 1775 4100 residentibus,
1806 3993 1967 4110 exempti

335 4113 409 4204 sint
438 4113 585 4234 penitus
615 4127 653 4202 et
672 4116 865 4202 immunes.
916 4111 969 4200 Ut
996 4129 1119 4202 autent
1146 4145 1305 4230 presens
1332 4115 1614 4202 instrumentum
1641 4111 1758 4198 robur
1773 4121 1969 4314 lperpetue

336 4229 518 4318 firmitatis
539 4231 719 4335 obtineat,
751 4235 871 4346 ipsum
899 4235 1039 4320 nostris
1065 4231 1197 4351 sigillis
1227 4231 1463 4318 decrevimus
1492 4228 1721 4316 communiri.
1808 4227 1966 4314 resenti-

336 4349 408 4438 bus
435 4350 506 4463 bys
536 4349 713 4436 testibus:
743 4348 922 4437 Bromisio
951 4349 1124 4436 Palatino
1156 4347 1481 4450 Wladislaviensi,
1511 4344 1717 4433 Bortbcsio
1747 4344 1966 4434 Castelleno

338 4461 661 4571 Wladislaviensi,
691 4465 864 4554 iohanne
891 4464 1106 4552 Castellano
1128 4463 1473 4586 Wyssegrodensi,
1505 4463 1662 4550 Unislao
1683 4463 1965 4552 subcamerario

338 4581 663 4690 Wladislaviensi,
694 4584 812 4671 Petro
833 4585 915 4670 cive
935 4582 1037 4671 dicto
1058 4583 1277 4690 blontoscb,
1307 4581 1545 4670 Theoderico
1565 4580 1613 4669 de
1635 4587 1801 4684 lituram,
1828 4596 1866 4670 et
1884 4579 1965 4668 aliis

439 4851 479 4936 (²)
512 4849 705 4930 emonam,
719 4849 789 4920 villa
801 4850 943 4918 territorii
957 4855 988 4918 at
1002 4849 1133 4936 regionis
1146 4849 1379 4939 degortienria,
1393 4849 1424 4916 in
1436 4847 1480 4916 ll
1493 4849 1532 4916 1).
1548 4847 1756 4916 Posoeuiensi.
