4926 5940
1011 709 1331 790 ⁸-397-

380 949 454 1008 una
476 947 562 1006 oum
581 914 849 1038 prenominatis
871 911 1028 1001 testibus
1048 942 1210 1031 presens
1229 913 1414 1018 interlui,
1432 931 1554 1026 'eaque
1575 917 1699 1003 omnia
1718 933 1756 1005 et
1776 921 1924 1040 singulo
1951 924 2007 1012 sic
2102 939 2108 948 '

382 1038 461 1125 fieri
481 1036 557 1128 vidi
577 1051 615 1124 et
634 1034 779 1139 audiui,
812 1057 1000 1144 manuque
1021 1033 1173 1149 propria
1194 1031 1440 1121 conscribens
1466 1033 1502 1120 in
1522 1033 1623 1120 lianc
1642 1034 1827 1152 publicam
1847 1041 2006 1128 forment

379 1154 532 1290 redegi,
553 1155 740 1272 signoque
762 1165 799 1240 et
819 1150 968 1238 uomina
988 1151 1081 1238 meis
1101 1151 1221 1241 solitis
1242 1165 1280 1237 et
1300 1152 1491 1238 consuetis
1511 1154 1752 1271 consignaui,
1788 1171 1949 1276 rogatus
1970 1173 2007 1248 et

380 1274 581 1385 requisitus
603 1273 640 1357 in
660 1270 772 1356 ludem
793 1261 1099 1362 et'tastimouium
1120 1269 1283 1355 omnium
1304 1283 1342 1356 et
1361 1267 1593 1388 singulorum
1616 1273 1897 1387 premissorum.

479 1391 767 1480 Instrumentum
788 1416 881 1475 vero
902 1385 1061 1474 secundi
1081 1386 1344 1503 compromissi
1364 1387 1532 1504 sequitur
1552 1390 1588 1474 in
1608 1387 1680 1476 heo
1700 1393 1835 1480 verba:

480 1508 524 1595 ln
545 1508 695 1596 nomine
715 1505 870 1610 domini,
891 1533 1013 1594 emen.
1066 1503 1147 1590 Sub
1167 1531 1268 1590 anno
1288 1505 1487 1592 natiuitatis
1508 1507 1675 1596 eiusdem
1696 1509 1890 1601 millesimo
1912 1541 2005 1629 quo·
2088 1537 2094 1548 ·

379 1627 675 1745 driogeotesimo
704 1625 885 1727 vicesimo
912 1623 1047 1728 tercio,
1078 1621 1266 1710 indicione
1286 1623 1424 1740 prima,
1455 1624 1694 1740 pontificatus
1723 1631 1947 1718 sanctissimi
1969 1633 2006 1718 in

380 1745 532 1852 Christo
555 1745 671 1862 patris
687 1757 724 1829 et
739 1741 895 1844 domini,
916 1738 1055 1828 domiui
1074 1739 1237 1846 Martini,
1259 1738 1385 1828 diuina
1405 1743 1650 1860 prouidencia
1670 1775 1769 1863 pape
1790 1749 1903 1864 quinti
1925 1778 2005 1835 mo-

380 1861 503 1966 derni,
533 1891 635 1949 anno
656 1861 773 1976 ipsius
792 1875 922 1961 sexto,
954 1857 1016 1944 die
1036 1888 1130 1946 vero
1151 1859 1267 1944 tercia
1293 1864 1433 1948 mensis
1453 1862 1660 1979 slebruarij,
1690 1861 1786 1951 hore
1806 1867 2006 1956 tercieruur

379 1980 439 2066 uel
459 1981 584 2091 quasi,
614 1979 651 2064 in
672 1977 759 2065 loco
780 1976 974 2096 capitulari
995 1977 1032 2062 in
1052 1977 1215 2064 ecclesia
1236 1991 1368 2066 sancte
1388 1975 1510 2066 Morio
1529 1977 1766 2091 Lauriniensi
1792 1983 2006 2104 collegiata,

378 2096 543 2186 diocesis
561 2096 810 2214 gneznensis,
841 2096 879 2182 in
899 2097 982 2200 mai,
1010 2097 1142 2214 notarij
1173 2095 1327 2210 publici,
1358 2097 1581 2216 testiumque
1606 2098 1926 2218 inlrascnptorum
1955 2101 2006 2189 ad

377 2215 452 2302 hoc
471 2227 693 2303 vocatorum
715 2227 751 2302 et
771 2229 994 2334 rogatorum
1014 2213 1236 2327 presencia:
1281 2211 1480 2302 Constituti
1501 2216 1750 2331 personaliter
1768 2219 2005 2308 uenerabiles

378 2334 465 2438 viri,
485 2332 644 2420 domini:
675 2331 949 2448 Sendiwogius
969 2328 1158 2436 decanus,
1190 2329 1370 2416 tilbertus
1391 2331 1637 2437 scolasticus,
1666 2334 1833 2424 Thomas
1862 2335 2003 2424 Archi-

377 2450 572 2554 diaconus‚
594 2447 777 2536 Nicolaus
798 2462 949 2551 cantor,
969 2445 1142 2532 lacobus
1162 2445 1452 2562 Moralrowskij,
1473 2450 1654 2536 Sassinus
1676 2450 1726 2535 de
1748 2459 2003 2558 Dzerzoszna,

378 2569 610 2656 laurencius
631 2565 680 2652 de
700 2570 1004 2667 aeramento,
1033 2561 1205 2651 lacobus
1234 2561 1284 2649 de
1312 2569 1599 2668 [andecensium
1630 2565 1754 2652 Adam
1776 2567 1825 2653 de
1845 2577 2002 2658 urseo-

378 2721 442 2774 cre
469 2703 506 2774 et
534 2686 730 2773 lohannes
752 2683 801 2770 de
820 2689 1064 2786 Welatlowo,
1100 2681 1233 2799 prelati
1253 2695 1291 2770 et
1310 2683 1483 2770 canonici
1503 2683 1756 2799 capitulariter
1777 2692 2004 2806 congregati

378 2805 426 2892 ab
447 2835 521 2892 une
542 2835 611 2922 pro
632 2833 695 2904 se,
728 2815 764 2889 et
785 2799 1016 2888 reuerendus
1035 2815 1144 2917 pater
1164 2798 1337 2888 dominus
1359 2801 1497 2888 Petrus
1520 2800 1686 2906 Boleste‚
1702 2806 1919 2920 prepositus
1940 2835 2004 2892 ec·

377 2923 493 3012 clesie
510 2921 749 3012 lanciciensis
769 2919 956 3037 predicte,
986 2947 1035 3008 ac
1054 2919 1168 3008 Sedis
1187 2949 1209 3006 a
1264 2918 1397 3009 stolice
1417 2919 1737 3035 prothonotarius,
1760 2922 1858 3009 dicte
1879 2921 2004 3011 dioce-

377 3041 430 3130 sis
451 3041 760 3162 gneznensisex
781 3038 900 3126 altera
922 3037 1105 3156 pertibus,
1135 3039 1205 3126 rati
1221 3051 1366 3126 rcarunt
1395 3039 1708 3156 compromissum
1741 3041 1778 3128 in
1802 3069 2004 3157 personam

378 3159 606 3248 honorabilis
626 3160 695 3246 viri
716 3157 855 3245 domini
875 3155 1142 3273 Strzeslronis,
1171 3157 1343 3244 canonici
1370 3156 1534 3246 ecclesie
1564 3159 1829 3274 posnaniensis
1850 3171 1935 3262 eto,
1956 3159 2006 3266 de

377 3291 415 3364 ot
434 3307 549 3394 super
569 3276 655 3365 villa
672 3279 939 3366 Mirosloue'cre
967 3274 1061 3362 alias
1093 3275 1251 3379 luctum,
1273 3288 1320 3374 ,et
1339 3273 1460 3361 eidem
1488 3273 1640 3360 domino
1672 3275 1893 3362 Strzeskon'i
1916 3306 2004 3392 pre·

375 3407 580 3501 scutulum,
602 3410 638 3483 el
658 3425 728 3510 per
747 3391 907 3482 eundern
929 3392 1050 3482 omnis
1071 3391 1282 3481 huiusmodi
1303 3393 1564 3512 compromissi
1583 3393 1761 3480 arbitrum
1778 3409 2005 3512 susceptum,
2085 3439 2091 3444 ·

375 3513 607 3602 addicientes
628 3513 723 3626 (sic),
745 3509 846 3632 quod
857 3509 955 3600 idem
966 3510 1139 3599 dominus
1160 3511 1299 3598 Petrus
1319 3512 1538 3628 prepositus
1558 3513 1736 3600 articulos
1757 3511 1906 3628 dejure
1923 3541 2005 3615 suo,

377 3630 478 3750 quod
500 3631 685 3748 pretendit
704 3661 747 3718 se
767 3630 908 3718 habere
929 3631 965 3718 in
985 3628 1085 3718 dicta
1105 3631 1191 3716 villa
1210 3635 1486 3732 Merostour'cre,
1508 3659 1584 3718 non
1605 3632 1778 3719 obstante
1798 3629 1908 3748 lapsu
1929 3643 2004 3716 ter·

376 3749 463 3836 mini
481 3749 517 3838 in
539 3748 673 3838 eodem
695 3751 968 3868 compromisso
989 3747 1226 3866 specificato,
1258 3748 1344 3834 hine
1364 3763 1401 3835 et
1420 3749 1513 3836 inlra
1538 3749 1588 3838 ad
1611 3749 1845 3836 undecimam
1867 3747 2006 3836 mensis

375 3866 510 3984 lllaroij
530 3869 702 3984 proxime
722 3871 867 3957 venturi
886 3869 1078 3958 exclusive
1098 3869 1218 3984 possit
1238 3879 1277 3954 et
1296 3865 1388 3958 dare
1410 3868 1546 3957 valeat
1576 3867 1761 3956 Volentes
1781 3881 1819 3954 et
1839 3893 2002 3954 consen·

377 3987 519 4072 cientes
540 3985 733 4073 hincinde
753 3987 885 4105 prelati
914 3987 1053 4075 domini
1086 3985 1225 4073 Petrus
1256 3987 1490 4102 prepositus,
1521 3987 1793 4103 Sandiwogius
1822 3981 2003 4085 decanus,
2113 4043 2118 4048 -

377 4101 568 4217 ceterique
601 4105 732 4218 prelati
762 4119 799 4189 et
826 4107 998 4192 canonici
1033 4105 1299 4218 suprascripti,
1338 4101 1440 4223 quod
1475 4099 1574 4190 idem
1611 4103 1783 4190 dominus
1820 4099 2003 4188 Strzcslto

377 4248 525 4307 omnem
544 4233 767 4335 potestatem
791 4233 925 4324 testes,
951 4221 1238 4335 juramentoque
1258 4217 1483 4322 eorundem,
1503 4250 1551 4306 oc
1572 4221 1703 4338 queuis
1718 4220 1806 4335 jure
1827 4232 1865 4309 et
1886 4220 2003 4304 muni-

377 4352 503 4425 menta
522 4334 747 4455 recipiendi,
778 4366 827 4424 ac
848 4365 1106 4455 quoscumque
1127 4335 1177 4424 ad
1198 4335 1363 4422 dandum
1385 4335 1518 4426 eadem
1542 4335 1805 4454 compellendi,
1823 4338 2004 4454 ipsosque

380 4457 497 4546 testes
531 4453 788 4559 examinandi,
826 4452 1052 4558 arbitrandi,
1083 4452 1279 4559 leodandi,
1309 4453 1584 4559 sentenciandi,
1615 4468 1653 4541 et
1680 4457 1716 4542 in
1745 4454 1865 4540 torma
1944 4455 2004 4540 imi

378 4574 641 4691 compromissi
661 4604 734 4692 per·
749 4565 873 4664 omnia
894 4568 1128 4692 procedendi
1148 4570 1286 4660 lrabeat
1321 4573 1409 4666 hinc
1434 4589 1471 4660 et
1500 4573 1703 4663 adlectum
1735 4573 1854 4660 saneti
1922 4569 2003 4658 dal-

377 4691 473 4778 berti
492 4693 701 4809 proximum
723 4691 916 4784 inclusive.
966 4691 1231 4785 Promittantes
1252 4690 1385 4780 eedem
1415 4707 1554 4810 partos,
1586 4705 1624 4779 et
1644 4689 1806 4811 quelibet
1825 4719 1916 4810 pars
1938 4719 2003 4777 ea-

378 4808 566 4912 rumdem,
598 4809 772 4900 uidelicet
799 4809 938 4900 Petrus
968 4811 1203 4930 prepositus,
1235 4808 1510 4931 Scudiwogius
1540 4809 1709 4902 decanm
1738 4824 1808 4898 etc
1835 4808 2003 4928 promisit
2111 4900 2116 4918 ¹
