4896 5926
1031 751 1305 853 ‘'¹0¹''

352 947 586 1069 requirendi,
621 949 759 1040 nullam
790 980 947 1070 prorsus
976 949 1140 1040 babeant
1162 953 1368 1040 actionem.
1424 949 1538 1040 Hanc
1565 951 1678 1072 igitur
1707 951 1988 1046 ordinacionem
2058 1047 2061 1061 ,

352 1066 575 1187 Boguslaua
596 1067 719 1158 dictus
739 1069 788 1158 de
806 1076 1015 1184 Nyuarctito
1029 1066 1082 1182 (³)
1104 1073 1413 1188 consanguineus
1432 1069 1589 1188 predicti
1607 1069 1801 1160 Vlodimiri
1815 1073 1987 1192 inpedire
2033 1109 2046 1145 ι

353 1185 498 1293 volens,
519 1216 701 1276 asserens
721 1191 843 1308 sajus
863 1187 1006 1278 babere
1026 1201 1131 1276 sorta
1152 1190 1188 1276 in
1204 1187 1350 1293 eedem,
1370 1185 1522 1276 tandern
1542 1219 1590 1276 ex
1611 1189 1764 1278 inductu
1780 1193 1987 1309 proborum

353 1304 536 1410 virorum,
565 1321 603 1394 et
622 1307 801 1424 precipue
829 1305 1025 1396 Vlodimiri
1047 1305 1204 1424 predicti
1234 1321 1270 1393 et
1292 1308 1376 1392 avie
1396 1337 1482 1396 sue:
1513 1335 1562 1394 ac
1588 1309 1708 1396 eciam
1738 1337 1808 1396 sua
1835 1309 1885 1398 ad
1913 1311 1988 1400 boc

353 1419 545 1512 voluntate
566 1423 781 1513 attendente
803 1431 839 1532 [l
860 1425 1096 1520 accedentel:
1128 1427 1244 1512 cessit
1264 1454 1347 1529 suo,
1374 1423 1612 1512 etheredum
1633 1457 1800 1530 suorum,
1814 1457 1868 1516 ac
1888 1441 1988 1520 cete-
2078 1519 2084 1533 ,

353 1569 479 1628 rorum
509 1542 716 1631 amicornm
743 1573 898 1632 suorum
918 1545 1084 1644 nomine,
1114 1543 1243 1654 alsia)
1273 1556 1377 1630 sorte
1407 1542 1594 1658 predicta,
1626 1547 1866 1634 renuncians
1887 1549 1987 1636 omni
2059 1574 2071 1619 Δ

347 1657 422 1772 juri
453 1675 491 1746 et
510 1663 609 1746 omni
630 1662 875 1778 inpeticioni,
907 1691 981 1780 qua
1002 1690 1102 1750 nunc
1132 1663 1169 1748 in
1190 1661 1381 1778 posteruiu
1401 1661 1471 1748 lrui
1491 1662 1631 1779 possed
1654 1663 1754 1776 (sic);
1785 1665 1861 1752 resi
1916 1695 1987 1754 ans
2052 1660 2057 1673 ’

353 1791 390 1862 et
409 1780 615 1897 assignans
646 1809 730 1866 cum
761 1780 934 1868 omnibus
963 1779 1179 1868 utilitatibus
1209 1792 1247 1865 et
1266 1779 1531 1898 proventibus,
1559 1809 1634 1871 une
1664 1809 1748 1866 cum
1777 1694 1986 1875 Vlotiiiniro

352 1893 549 2010 sepedicto
580 1913 730 1982 etcum
762 1898 848 1984 avia
877 1928 967 2002 sua,
1002 1897 1129 1986 abbati
1158 1911 1196 1984 et
1220 1899 1422 1986 conventui
1453 1897 1699 2015 supradictis,
1730 1901 1986 2018 supplicantes

197 2005 204 2016 ’
352 2013 463 2100 nobis
569 2043 638 2100 ose
659 2017 820 2104 unanimi
841 2015 890 2102 de
911 2043 1123 2118 consensu,
1154 2029 1192 2102 ut
1213 2015 1372 2104 eandem
1394 2045 1501 2104 suam
1522 2017 1824 2134 resignacionem
1846 2020 1986 2108 nostris

352 2126 482 2220 litteris
503 2129 728 2221 confirmare
748 2133 984 2224 deberemus,
1036 2133 1120 2222 Nos
1140 2163 1234 2224 vero
1255 2135 1431 2252 precibus
1450 2135 1617 2252 ipsorum
1637 2150 1866 2240 annuentes,
1895 2165 1985 2253 pro·

352 2246 463 2334 lectui
495 2265 531 2335 et
551 2251 753 2340 commodo
786 2252 921 2340 domus
951 2253 1221 2369 Byssoviensis
1252 2252 1446 2340 intendere
1471 2252 1661 2355 uolentes,
1693 2255 1873 2368 prelatum
1894 2283 1985 2344 ven-

352 2361 536 2452 dicionem
568 2383 605 2454 et
636 2373 884 2485 empciunam.
901 2401 969 2456 seu
1000 2372 1323 2490 resignaoionem,
1358 2370 1460 2456 dicto
1492 2369 1645 2458 donnino
1675 2372 1815 2460 Abbati
1845 2387 1883 2459 et
1912 2400 1984 2462 suo

352 2485 584 2580 conventui„
601 2500 806 2605 nostreque
826 2487 1040 2575 lundaoioni
1060 2503 1179 2576 ratam
1211 2503 1245 2574 et
1267 2500 1415 2606 gratem
1437 2487 1637 2589 habentes,
1668 2519 1751 2576 eam
1779 2517 1864 2578 oum
1884 2493 1985 2578 omni

349 2597 434 2713 jure
463 2617 500 2688 et
518 2601 687 2690 libertate
708 2607 826 2690 nostri
847 2603 1007 2692 dunatus
1028 2607 1265 2723 presentibus
1290 2603 1565 2692 confirmamus.
1615 2604 1656 2690 ln
1679 2607 1786 2721 cujus
1806 2607 1860 2692 rai
1880 2608 1984 2694 testi·

351 2719 514 2806 monium
536 2747 697 2836 presens
718 2723 916 2840 scriptum,
947 2739 1160 2812 nostrorum
1189 2723 1387 2838 munimine
1407 2721 1613 2837 sigillorum
1635 2721 1789 2839 dignum
1811 2722 1984 2812 duximus

291 2857 295 2872 ·
349 2835 616 2925 roborandum.
673 2839 809 2928 Datum
847 2857 884 2928 et
913 2851 1037 2928 actum
1074 2843 1109 2928 in
1139 2845 1396 2940 Wadislouio,
1433 2840 1504 2952 hys
1535 2839 1794 2955 presentibus:
1837 2839 1983 2930 Comito

349 2949 555 3044 Burtbosio
571 2957 699 3073 judice
712 2973 820 3046 terre
841 2973 987 3064 nostre,
1019 2960 1164 3046 Comite
1185 2957 1349 3046 Sdeslao
1370 2956 1551 3076 dapifero,
1572 2954 1747 3071 Nycolao
1768 2957 1982 3063 vexillifero,
2046 2991 2081 3070 χ’

349 3067 593 3190 Bo'zywogio
623 3077 699 3164 alto
721 3077 816 3188 (sic)
846 3089 978 3164 et...
1012 3078 1173 3166 Domino
1204 3075 1361 3196 Sglrido
1382 3075 1477 3188 (sic)
1508 3073 1807 3164 subcancellario
1838 3091 1981 3178 nostro,

348 3186 510 3280 Domino
530 3192 729 3310 Mycboela
752 3195 960 3314 Capeliano
980 3209 1122 3300 nostro,
1147 3193 1260 3282 Anno
1282 3194 1431 3282 Domini
1450 3193 1508 3282 Μο
1529 3192 1647 3284 CCC⁰
1667 3192 1849 3302 secundo,
1870 3208 1980 3282 sexto

348 3311 545 3402 Kalendas
566 3313 819 3431 Septembris,
845 3315 881 3402 in
903 3313 963 3400 die
984 3315 1114 3402 Sancti
1136 3312 1239 3400 Rulli
1259 3311 1434 3400 Martiria.
1494 3351 1499 3368 ·
1949 3311 1951 3316 ’

450 3496 490 3581 (³)
517 3495 591 3562 Sine
605 3495 699 3563 dubio
714 3496 781 3562 villa
796 3495 1002 3585 Nimcieacayn
1015 3495 1147 3584 regionis
1161 3495 1352 3564 Swiecenois

1046 3763 1282 3884 llbllell.

354 4003 810 4110 Wuraeeprodtom
837 4021 993 4088 uerno
1019 3999 1176 4088 13⁰2
1202 4003 1295 4088 etta
1318 3997 1396 4086 2³
1419 4000 1620 4084 mamm
1636 3999 1976 4085 mouentum.
2067 4064 2073 4075 .

344 4169 654 4246 Premtolous
674 4171 744 4243 bur
766 4169 911 4264 buente
934 4174 967 4243 ot
987 4169 1134 4244 bonum
1146 4165 1438 4261 anteponunt
1452 4170 1486 4241 et
1498 4165 1739 4258 brigantiensis
1753 4163 1869 4240 buttes
1882 4165 1977 4242 ntea

391 4275 539 4349 &aaa
550 4269 731 4346 numdi
743 4269 965 4380 metorlmrlr
979 4269 1196 4346 omnim
1210 4269 1328 4344 ordino
1341 4267 1484 4362 nroprtm
1499 4266 1666 4344 construit
1680 4269 1715 4341 et
1727 4265 1875 4360 decimet
1889 4269 1935 4356 (¹).

444 4463 486 4550 ln
502 4461 651 4550 nomine
668 4459 825 4564 Domini,
847 4459 979 4546 Amen.
1009 4456 1192 4546 Noverint
1213 4459 1375 4551 universi
1396 4471 1595 4574 presentes
1614 4457 1731 4544 visuri
1752 4469 1790 4542 et
1804 4456 1975 4545 audituri:

345 4581 447 4700 quod
475 4611 547 4672 nos
575 4577 794 4666 Premislius
824 4577 900 4664 Dei.
923 4577 1055 4698 gracia
1085 4576 1172 4663 Dux
1201 4575 1388 4692 Cuyavie,
1419 4587 1456 4662 et
1483 4575 1669 4664 Dominus
1698 4575 1734 4662 io
1766 4581 1979 4692 Wisseprod

445 4796 487 4881 (Ι)
514 4797 561 4863 Ex
586 4793 746 4882 archetypo
771 4736 1020 4873 membranaceo,
1048 4793 1129 4882 quod
1153 4793 1185 4861 in
1211 4790 1358 4860 munio
1403 4765 1561 4859 rorinciae'
1580 4792 1793 4860 Posuanieneis
1819 4791 1983 4879 privilegia.

341 4879 527 4950 sublatorum
552 4881 767 4948 coenobiorum
788 4881 959 4948 oonu'nenta
980 4886 1166 4991 asseruntur,
1191 4876 1346 4965 descripsit
1388 4877 1557 4946 notissimum
1577 4876 1796 4965 Stronczyltaki.
1832 4876 1973 4964 signium
2022 4941 2032 4954 ,

453 4999 542 5050 Tomoe
558 5000 591 5050 11.
1767 4991 1800 5050 21
