<?xml version="1.0" encoding="UTF-8"?>
<!DOCTYPE html PUBLIC "-//W3C//DTD XHTML 1.0 Transitional//EN"
    "http://www.w3.org/TR/xhtml1/DTD/xhtml1-transitional.dtd">
<html xmlns="http://www.w3.org/1999/xhtml" xml:lang="en" lang="en">
 <head>
  <title>
</title>
<meta http-equiv="Content-Type" content="text/html;charset=utf-8" />
  <meta name='ocr-system' content='tesseract 3.04.00' />
  <meta name='ocr-capabilities' content='ocr_page ocr_carea ocr_par ocr_line ocrx_word'/>
</head>
<body>
  <div class='ocr_page' id='page_1' title='image "./codexdiplomatic01bartgoog_0517.png"; bbox 0 0 4926 5940; ppageno 0'>
   <div class='ocr_carea' id='block_1_1' title="bbox 1066 751 1337 822">
    <p class='ocr_par' dir='ltr' id='par_1_1' title="bbox 1066 751 1337 822">
     <span class='ocr_line' id='line_1_1' title="bbox 1066 751 1337 822; baseline 0.004 -1"><span class='ocrx_word' id='word_1_1' title='bbox 1066 751 1337 822; x_wconf 75' lang='grc'><strong>-471--</strong></span> 
     </span>
    </p>
   </div>
   <div class='ocr_carea' id='block_1_2' title="bbox 317 949 2149 5071">
    <p class='ocr_par' dir='ltr' id='par_1_2' title="bbox 386 949 2064 2132">
     <span class='ocr_line' id='line_1_2' title="bbox 387 949 2064 1071; baseline 0.002 -29"><span class='ocrx_word' id='word_1_2' title='bbox 387 949 546 1042; x_wconf 83' lang='lat' dir='ltr'><strong>fideliter</strong></span> <span class='ocrx_word' id='word_1_3' title='bbox 565 963 790 1071; x_wconf 87' lang='lat' dir='ltr'><strong>procurent,</strong></span> <span class='ocrx_word' id='word_1_4' title='bbox 810 951 981 1069; x_wconf 86' lang='lat' dir='ltr'><strong>eliasque</strong></span> <span class='ocrx_word' id='word_1_5' title='bbox 1002 949 1163 1038; x_wconf 80' lang='lat' dir='ltr'>debitam</span> <span class='ocrx_word' id='word_1_6' title='bbox 1181 951 1454 1042; x_wconf 88' lang='lat' dir='ltr'><strong>execucionem</strong></span> <span class='ocrx_word' id='word_1_7' title='bbox 1476 953 1525 1040; x_wconf 92' lang='lat' dir='ltr'><strong>de</strong></span> <span class='ocrx_word' id='word_1_8' title='bbox 1546 955 1739 1071; x_wconf 85' lang='lat' dir='ltr'><strong>premissis</strong></span> <span class='ocrx_word' id='word_1_9' title='bbox 1758 955 1896 1044; x_wconf 84' lang='lat' dir='ltr'><strong>iaciunt</strong></span> <span class='ocrx_word' id='word_1_10' title='bbox 1911 956 2011 1046; x_wconf 88' lang='lat' dir='ltr'><strong>iuxta</strong></span> <span class='ocrx_word' id='word_1_11' title='bbox 2055 971 2064 984; x_wconf 87' lang='lat'>&#39;</span> 
     </span>
     <span class='ocr_line' id='line_1_3' title="bbox 386 1069 2009 1190; baseline 0.002 -33"><span class='ocrx_word' id='word_1_12' title='bbox 386 1069 592 1190; x_wconf 77' lang='lat' dir='ltr'><strong>supradicti</strong></span> <span class='ocrx_word' id='word_1_13' title='bbox 620 1071 737 1158; x_wconf 91' lang='lat' dir='ltr'><strong>nostri</strong></span> <span class='ocrx_word' id='word_1_14' title='bbox 768 1098 974 1188; x_wconf 81' lang='lat' dir='ltr'><strong>processus</strong></span> <span class='ocrx_word' id='word_1_15' title='bbox 1002 1071 1272 1159; x_wconf 76' lang='lat' dir='ltr'><strong>continenciam</strong></span> <span class='ocrx_word' id='word_1_16' title='bbox 1303 1083 1339 1158; x_wconf 92' lang='lat' dir='ltr'><strong>et</strong></span> <span class='ocrx_word' id='word_1_17' title='bbox 1368 1072 1639 1162; x_wconf 79' lang='lat' dir='ltr'><strong>continenciam</strong></span> <span class='ocrx_word' id='word_1_18' title='bbox 1670 1071 1752 1183; x_wconf 79' lang='lat' dir='ltr'><strong>(sic)</strong></span> <span class='ocrx_word' id='word_1_19' title='bbox 1779 1089 1815 1160; x_wconf 90' lang='lat' dir='ltr'><strong>et</strong></span> <span class='ocrx_word' id='word_1_20' title='bbox 1832 1089 2009 1163; x_wconf 90' lang='lat' dir='ltr'><strong>tenorem.</strong></span> 
     </span>
     <span class='ocr_line' id='line_1_4' title="bbox 386 1187 2012 1310; baseline 0.002 -35"><span class='ocrx_word' id='word_1_21' title='bbox 386 1187 608 1276; x_wconf 87' lang='lat' dir='ltr'><strong>Prescutem</strong></span> <span class='ocrx_word' id='word_1_22' title='bbox 629 1201 958 1308; x_wconf 87' lang='lat' dir='ltr'><strong>quoqueuostrum</strong></span> <span class='ocrx_word' id='word_1_23' title='bbox 980 1217 1203 1305; x_wconf 77' lang='lat' dir='ltr'><strong>processum</strong></span> <span class='ocrx_word' id='word_1_24' title='bbox 1224 1188 1396 1278; x_wconf 85' lang='lat' dir='ltr'><strong>volumus</strong></span> <span class='ocrx_word' id='word_1_25' title='bbox 1417 1221 1536 1309; x_wconf 86' lang='lat' dir='ltr'><strong>penes</strong></span> <span class='ocrx_word' id='word_1_26' title='bbox 1553 1188 1689 1277; x_wconf 91' lang='lat' dir='ltr'><strong>dictum</strong></span> <span class='ocrx_word' id='word_1_27' title='bbox 1712 1189 1899 1277; x_wconf 90' lang='lat' dir='ltr'><strong>dominum</strong></span> <span class='ocrx_word' id='word_1_28' title='bbox 1921 1190 2012 1310; x_wconf 88' lang='lat' dir='ltr'><strong>Epi-</strong></span> 
     </span>
     <span class='ocr_line' id='line_1_5' title="bbox 388 1306 2012 1427; baseline 0.002 -34"><span class='ocrx_word' id='word_1_29' title='bbox 388 1335 544 1424; x_wconf 91' lang='lat' dir='ltr'><strong>scopum</strong></span> <span class='ocrx_word' id='word_1_30' title='bbox 575 1306 634 1393; x_wconf 86' lang='lat' dir='ltr'><strong>vel</strong></span> <span class='ocrx_word' id='word_1_31' title='bbox 664 1321 947 1424; x_wconf 88' lang='lat' dir='ltr'><strong>procuratorem</strong></span> <span class='ocrx_word' id='word_1_32' title='bbox 968 1337 1076 1394; x_wconf 92' lang='lat' dir='ltr'><strong>suum</strong></span> <span class='ocrx_word' id='word_1_33' title='bbox 1097 1335 1294 1394; x_wconf 90' lang='lat' dir='ltr'><strong>remanere</strong></span> <span class='ocrx_word' id='word_1_34' title='bbox 1315 1321 1352 1394; x_wconf 89' lang='lat' dir='ltr'><strong>et</strong></span> <span class='ocrx_word' id='word_1_35' title='bbox 1372 1340 1445 1396; x_wconf 92' lang='lat' dir='ltr'><strong>nou</strong></span> <span class='ocrx_word' id='word_1_36' title='bbox 1467 1337 1625 1426; x_wconf 89' lang='lat' dir='ltr'><strong>pervus</strong></span> <span class='ocrx_word' id='word_1_37' title='bbox 1654 1323 2012 1427; x_wconf 26' lang='lat' dir='ltr'><strong>autequemcumque</strong></span> 
     </span>
     <span class='ocr_line' id='line_1_6' title="bbox 387 1423 2011 1545; baseline 0.002 -36"><span class='ocrx_word' id='word_1_38' title='bbox 387 1425 509 1528; x_wconf 82' lang='lat' dir='ltr'><strong>atium,</strong></span> <span class='ocrx_word' id='word_1_39' title='bbox 530 1425 620 1542; x_wconf 89' lang='lat' dir='ltr'><strong>ipsis</strong></span> <span class='ocrx_word' id='word_1_40' title='bbox 641 1425 772 1527; x_wconf 91' lang='lat' dir='ltr'><strong>invitis,</strong></span> <span class='ocrx_word' id='word_1_41' title='bbox 786 1423 1065 1534; x_wconf 72' lang='lat' dir='ltr'><strong>quomodolibet</strong></span> <span class='ocrx_word' id='word_1_42' title='bbox 1086 1425 1263 1540; x_wconf 87' lang='lat' dir='ltr'><strong>detinerj:</strong></span> <span class='ocrx_word' id='word_1_43' title='bbox 1295 1423 1528 1540; x_wconf 71' lang='lat' dir='ltr'><strong>contrarium}</strong></span> <span class='ocrx_word' id='word_1_44' title='bbox 1541 1455 1633 1514; x_wconf 90' lang='lat' dir='ltr'><strong>vero</strong></span> <span class='ocrx_word' id='word_1_45' title='bbox 1659 1426 1838 1512; x_wconf 81' lang='lat' dir='ltr'><strong>iacientes</strong></span> <span class='ocrx_word' id='word_1_46' title='bbox 1859 1429 2011 1545; x_wconf 82' lang='lat' dir='ltr'><strong>prefatis</strong></span> 
     </span>
     <span class='ocr_line' id='line_1_7' title="bbox 387 1541 2009 1662; baseline 0.001 -33"><span class='ocrx_word' id='word_1_47' title='bbox 387 1543 526 1631; x_wconf 89' lang='lat' dir='ltr'><strong>nostris</strong></span> <span class='ocrx_word' id='word_1_48' title='bbox 546 1543 759 1660; x_wconf 86' lang='lat' dir='ltr'><strong>sentencijs,</strong></span> <span class='ocrx_word' id='word_1_49' title='bbox 791 1558 902 1659; x_wconf 93' lang='lat' dir='ltr'><strong>prout</strong></span> <span class='ocrx_word' id='word_1_50' title='bbox 921 1541 956 1627; x_wconf 90' lang='lat' dir='ltr'><strong>in</strong></span> <span class='ocrx_word' id='word_1_51' title='bbox 978 1541 1129 1659; x_wconf 90' lang='lat' dir='ltr'><strong>scriptis</strong></span> <span class='ocrx_word' id='word_1_52' title='bbox 1150 1542 1224 1628; x_wconf 90' lang='lat' dir='ltr'><strong>late</strong></span> <span class='ocrx_word' id='word_1_53' title='bbox 1240 1557 1336 1650; x_wconf 91' lang='lat' dir='ltr'><strong>sunt,</strong></span> <span class='ocrx_word' id='word_1_54' title='bbox 1367 1547 1452 1662; x_wconf 92' lang='lat' dir='ltr'><strong>ipso</strong></span> <span class='ocrx_word' id='word_1_55' title='bbox 1479 1546 1580 1631; x_wconf 85' lang='lat' dir='ltr'><strong>iacto</strong></span> <span class='ocrx_word' id='word_1_56' title='bbox 1604 1541 1780 1631; x_wconf 83' lang='lat' dir='ltr'><strong>volumus</strong></span> <span class='ocrx_word' id='word_1_57' title='bbox 1801 1545 2009 1632; x_wconf 88' lang='lat' dir='ltr'><strong>subiacere.</strong></span> 
     </span>
     <span class='ocr_line' id='line_1_8' title="bbox 386 1655 2012 1778; baseline 0 -32"><span class='ocrx_word' id='word_1_58' title='bbox 386 1659 613 1748; x_wconf 85' lang='lat' dir='ltr'><strong>Mandemus</strong></span> <span class='ocrx_word' id='word_1_59' title='bbox 629 1675 752 1756; x_wconf 87' lang='lat' dir='ltr'><strong>tamen</strong></span> <span class='ocrx_word' id='word_1_60' title='bbox 764 1655 913 1774; x_wconf 90' lang='lat' dir='ltr'><strong>cupiam</strong></span> <span class='ocrx_word' id='word_1_61' title='bbox 926 1657 1006 1777; x_wconf 80' lang='lat' dir='ltr'><strong>tierj</strong></span> <span class='ocrx_word' id='word_1_62' title='bbox 1029 1659 1078 1745; x_wconf 94' lang='lat' dir='ltr'><strong>de</strong></span> <span class='ocrx_word' id='word_1_63' title='bbox 1094 1661 1299 1778; x_wconf 88' lang='lat' dir='ltr'><strong>premissis,</strong></span> <span class='ocrx_word' id='word_1_64' title='bbox 1317 1691 1398 1748; x_wconf 87' lang='lat' dir='ltr'><strong>eam</strong></span> <span class='ocrx_word' id='word_1_65' title='bbox 1421 1661 1631 1778; x_wconf 91' lang='lat' dir='ltr'><strong>petentibus</strong></span> <span class='ocrx_word' id='word_1_66' title='bbox 1652 1675 1690 1746; x_wconf 91' lang='lat' dir='ltr'><strong>et</strong></span> <span class='ocrx_word' id='word_1_67' title='bbox 1710 1661 1850 1748; x_wconf 91' lang='lat' dir='ltr'><strong>habere</strong></span> <span class='ocrx_word' id='word_1_68' title='bbox 1870 1661 2012 1748; x_wconf 85' lang='lat' dir='ltr'><strong>debeo·</strong></span> 
     </span>
     <span class='ocr_line' id='line_1_9' title="bbox 387 1775 2015 1895; baseline -0.001 -31"><span class='ocrx_word' id='word_1_69' title='bbox 387 1777 498 1884; x_wconf 84' lang='lat' dir='ltr'><strong>tibus,</strong></span> <span class='ocrx_word' id='word_1_70' title='bbox 515 1779 723 1895; x_wconf 89' lang='lat' dir='ltr'><strong>petencium</strong></span> <span class='ocrx_word' id='word_1_71' title='bbox 737 1775 885 1895; x_wconf 89' lang='lat' dir='ltr'><strong>quidem</strong></span> <span class='ocrx_word' id='word_1_72' title='bbox 906 1777 1113 1894; x_wconf 86' lang='lat' dir='ltr'><strong>sumptibus</strong></span> <span class='ocrx_word' id='word_1_73' title='bbox 1134 1781 1372 1894; x_wconf 72' lang='lat' dir='ltr'><strong>et&#39;expensis.</strong></span> <span class='ocrx_word' id='word_1_74' title='bbox 1396 1779 1962 1866; x_wconf 80' lang='lat' dir='ltr'><strong>Absolucionemueroomnium</strong></span> <span class='ocrx_word' id='word_1_75' title='bbox 1977 1791 2015 1864; x_wconf 90' lang='lat' dir='ltr'><strong>et</strong></span> 
     </span>
     <span class='ocr_line' id='line_1_10' title="bbox 388 1896 2014 2014; baseline 0 -31"><span class='ocrx_word' id='word_1_76' title='bbox 388 1897 633 2014; x_wconf 85' lang='lat' dir='ltr'><strong>singulorum,</strong></span> <span class='ocrx_word' id='word_1_77' title='bbox 649 1896 710 2007; x_wconf 85' lang='lat' dir='ltr'><strong>qui</strong></span> <span class='ocrx_word' id='word_1_78' title='bbox 727 1897 891 2013; x_wconf 76' lang='lat' dir='ltr'><strong>prefatas</strong></span> <span class='ocrx_word' id='word_1_79' title='bbox 908 1911 1057 1984; x_wconf 90' lang='lat' dir='ltr'><strong>nostras</strong></span> <span class='ocrx_word' id='word_1_80' title='bbox 1073 1897 1287 1982; x_wconf 88' lang='lat' dir='ltr'><strong>sentencias</strong></span> <span class='ocrx_word' id='word_1_81' title='bbox 1308 1912 1372 1983; x_wconf 90' lang='lat' dir='ltr'><strong>eut</strong></span> <span class='ocrx_word' id='word_1_82' title='bbox 1388 1926 1515 1983; x_wconf 90' lang='lat' dir='ltr'><strong>earum</strong></span> <span class='ocrx_word' id='word_1_83' title='bbox 1529 1896 1688 2010; x_wconf 79' lang='lat' dir='ltr'><strong>aliquam</strong></span> <span class='ocrx_word' id='word_1_84' title='bbox 1703 1897 2014 1984; x_wconf 89' lang='lat' dir='ltr'><strong>incurrerintsive</strong></span> 
     </span>
     <span class='ocr_line' id='line_1_11' title="bbox 389 2011 2012 2132; baseline 0.001 -34"><span class='ocrx_word' id='word_1_85' title='bbox 389 2015 584 2100; x_wconf 89' lang='lat' dir='ltr'><strong>incurrerit</strong></span> <span class='ocrx_word' id='word_1_86' title='bbox 604 2011 883 2132; x_wconf 89' lang='lat' dir='ltr'><strong>quoquomodo,</strong></span> <span class='ocrx_word' id='word_1_87' title='bbox 917 2013 1026 2102; x_wconf 92' lang='lat' dir='ltr'><strong>nobis</strong></span> <span class='ocrx_word' id='word_1_88' title='bbox 1046 2014 1105 2101; x_wconf 84' lang='lat' dir='ltr'><strong>vei</strong></span> <span class='ocrx_word' id='word_1_89' title='bbox 1127 2013 1312 2130; x_wconf 88' lang='lat' dir='ltr'><strong>superiorj</strong></span> <span class='ocrx_word' id='word_1_90' title='bbox 1334 2029 1464 2116; x_wconf 84' lang='lat' dir='ltr'><strong>nostro</strong></span> <span class='ocrx_word' id='word_1_91' title='bbox 1485 2014 1741 2102; x_wconf 90' lang='lat' dir='ltr'><strong>tantummodo</strong></span> <span class='ocrx_word' id='word_1_92' title='bbox 1761 2043 2012 2102; x_wconf 87' lang='lat' dir='ltr'><strong>reservamus.</strong></span> 
     </span>
    </p>

    <p class='ocr_par' dir='ltr' id='par_1_3' title="bbox 389 2130 2149 4130">
     <span class='ocr_line' id='line_1_12' title="bbox 490 2130 2012 2249; baseline 0.001 -33"><span class='ocrx_word' id='word_1_93' title='bbox 490 2130 711 2249; x_wconf 81' lang='lat' dir='ltr'><strong>inquorum</strong></span> <span class='ocrx_word' id='word_1_94' title='bbox 739 2132 900 2218; x_wconf 91' lang='lat' dir='ltr'><strong>omnium</strong></span> <span class='ocrx_word' id='word_1_95' title='bbox 931 2145 968 2216; x_wconf 91' lang='lat' dir='ltr'><strong>et</strong></span> <span class='ocrx_word' id='word_1_96' title='bbox 997 2132 1229 2249; x_wconf 80' lang='lat' dir='ltr'><strong>singulorum</strong></span> <span class='ocrx_word' id='word_1_97' title='bbox 1259 2130 1370 2217; x_wconf 85' lang='lat' dir='ltr'><strong>fidem</strong></span> <span class='ocrx_word' id='word_1_98' title='bbox 1402 2145 1439 2218; x_wconf 90' lang='lat' dir='ltr'><strong>et</strong></span> <span class='ocrx_word' id='word_1_99' title='bbox 1465 2132 1711 2220; x_wconf 89' lang='lat' dir='ltr'><strong>testimonium</strong></span> <span class='ocrx_word' id='word_1_100' title='bbox 1733 2131 2012 2249; x_wconf 82' lang='lat' dir='ltr'><strong>premissorum,</strong></span> 
     </span>
     <span class='ocr_line' id='line_1_13' title="bbox 389 2247 2013 2364; baseline 0 -31"><span class='ocrx_word' id='word_1_101' title='bbox 389 2251 588 2364; x_wconf 81' lang='lat' dir='ltr'><strong>presentes</strong></span> <span class='ocrx_word' id='word_1_102' title='bbox 617 2247 759 2336; x_wconf 88' lang='lat' dir='ltr'><strong>litteras</strong></span> <span class='ocrx_word' id='word_1_103' title='bbox 789 2249 870 2334; x_wconf 89' lang='lat' dir='ltr'><strong>sive</strong></span> <span class='ocrx_word' id='word_1_104' title='bbox 899 2277 1060 2363; x_wconf 89' lang='lat' dir='ltr'><strong>presens</strong></span> <span class='ocrx_word' id='word_1_105' title='bbox 1079 2247 1265 2363; x_wconf 86' lang='lat' dir='ltr'><strong>pubiicum</strong></span> <span class='ocrx_word' id='word_1_106' title='bbox 1295 2248 1585 2352; x_wconf 86' lang='lat' dir='ltr'><strong>instrumentum,</strong></span> <span class='ocrx_word' id='word_1_107' title='bbox 1605 2249 1817 2336; x_wconf 90' lang='lat' dir='ltr'><strong>huiusmodi</strong></span> <span class='ocrx_word' id='word_1_108' title='bbox 1845 2263 2013 2337; x_wconf 92' lang='lat' dir='ltr'><strong>nostrum</strong></span> 
     </span>
     <span class='ocr_line' id='line_1_14' title="bbox 389 2365 2015 2483; baseline -0.001 -31"><span class='ocrx_word' id='word_1_109' title='bbox 389 2393 612 2483; x_wconf 86' lang='lat' dir='ltr'><strong>processum</strong></span> <span class='ocrx_word' id='word_1_110' title='bbox 634 2365 922 2450; x_wconf 85' lang='lat' dir='ltr'><strong>executoriaiem</strong></span> <span class='ocrx_word' id='word_1_111' title='bbox 940 2365 975 2449; x_wconf 91' lang='lat' dir='ltr'><strong>in</strong></span> <span class='ocrx_word' id='word_1_112' title='bbox 993 2395 1036 2450; x_wconf 91' lang='lat' dir='ltr'><strong>se</strong></span> <span class='ocrx_word' id='word_1_113' title='bbox 1045 2366 1278 2450; x_wconf 90' lang='lat' dir='ltr'><strong>continentes</strong></span> <span class='ocrx_word' id='word_1_114' title='bbox 1299 2367 1378 2452; x_wconf 91' lang='lat' dir='ltr'><strong>sive</strong></span> <span class='ocrx_word' id='word_1_115' title='bbox 1399 2369 1606 2470; x_wconf 90' lang='lat' dir='ltr'><strong>continens,</strong></span> <span class='ocrx_word' id='word_1_116' title='bbox 1627 2367 1761 2452; x_wconf 87' lang='lat' dir='ltr'><strong>exinde</strong></span> <span class='ocrx_word' id='word_1_117' title='bbox 1780 2367 1873 2482; x_wconf 79' lang='lat' dir='ltr'><strong>fierj,</strong></span> <span class='ocrx_word' id='word_1_118' title='bbox 1895 2383 1932 2454; x_wconf 93' lang='lat' dir='ltr'><strong>et</strong></span> <span class='ocrx_word' id='word_1_119' title='bbox 1946 2395 2015 2483; x_wconf 92' lang='lat' dir='ltr'><strong>per</strong></span> 
     </span>
     <span class='ocr_line' id='line_1_15' title="bbox 391 2481 2016 2601; baseline -0.002 -31"><span class='ocrx_word' id='word_1_120' title='bbox 391 2484 573 2572; x_wconf 88' lang='lat' dir='ltr'><strong>notarium</strong></span> <span class='ocrx_word' id='word_1_121' title='bbox 595 2481 792 2599; x_wconf 82' lang='lat' dir='ltr'><strong>pubiicum,</strong></span> <span class='ocrx_word' id='word_1_122' title='bbox 808 2496 1052 2594; x_wconf 90' lang='lat' dir='ltr'><strong>nostrumque</strong></span> <span class='ocrx_word' id='word_1_123' title='bbox 1073 2495 1110 2567; x_wconf 91' lang='lat' dir='ltr'><strong>et</strong></span> <span class='ocrx_word' id='word_1_124' title='bbox 1129 2481 1339 2568; x_wconf 89' lang='lat' dir='ltr'><strong>huiusmodi</strong></span> <span class='ocrx_word' id='word_1_125' title='bbox 1356 2511 1484 2570; x_wconf 88' lang='lat' dir='ltr'><strong>coram</strong></span> <span class='ocrx_word' id='word_1_126' title='bbox 1500 2483 1610 2570; x_wconf 92' lang='lat' dir='ltr'><strong>uobis</strong></span> <span class='ocrx_word' id='word_1_127' title='bbox 1623 2483 1784 2568; x_wconf 88' lang='lat' dir='ltr'><strong>scribam</strong></span> <span class='ocrx_word' id='word_1_128' title='bbox 1801 2483 2016 2601; x_wconf 78' lang='lat' dir='ltr'><strong>infrascrip-</strong></span> 
     </span>
     <span class='ocr_line' id='line_1_16' title="bbox 390 2599 2014 2718; baseline 0 -32"><span class='ocrx_word' id='word_1_129' title='bbox 390 2613 466 2687; x_wconf 91' lang='lat' dir='ltr'><strong>tum</strong></span> <span class='ocrx_word' id='word_1_130' title='bbox 487 2600 675 2688; x_wconf 89' lang='lat' dir='ltr'><strong>subscribi</strong></span> <span class='ocrx_word' id='word_1_131' title='bbox 696 2615 733 2687; x_wconf 91' lang='lat' dir='ltr'><strong>et</strong></span> <span class='ocrx_word' id='word_1_132' title='bbox 753 2599 933 2717; x_wconf 82' lang='lat' dir='ltr'><strong>pubiicurj</strong></span> <span class='ocrx_word' id='word_1_133' title='bbox 951 2599 1225 2703; x_wconf 63' lang='lat' dir='ltr'><strong>mandavimus</strong></span> <span class='ocrx_word' id='word_1_134' title='bbox 1261 2601 1454 2718; x_wconf 87' lang='lat' dir='ltr'><strong>nostrique</strong></span> <span class='ocrx_word' id='word_1_135' title='bbox 1476 2599 1586 2718; x_wconf 84' lang='lat' dir='ltr'><strong>sigilii</strong></span> <span class='ocrx_word' id='word_1_136' title='bbox 1608 2601 1783 2686; x_wconf 90' lang='lat' dir='ltr'><strong>iussimus</strong></span> <span class='ocrx_word' id='word_1_137' title='bbox 1808 2615 1845 2687; x_wconf 93' lang='lat' dir='ltr'><strong>et</strong></span> <span class='ocrx_word' id='word_1_138' title='bbox 1859 2601 2014 2686; x_wconf 81' lang='lat' dir='ltr'><strong>fecimus</strong></span> 
     </span>
     <span class='ocr_line' id='line_1_17' title="bbox 390 2715 2014 2835; baseline -0.001 -31"><span class='ocrx_word' id='word_1_139' title='bbox 390 2719 622 2835; x_wconf 87' lang='lat' dir='ltr'><strong>appensione</strong></span> <span class='ocrx_word' id='word_1_140' title='bbox 644 2715 873 2834; x_wconf 87' lang='lat' dir='ltr'><strong>communirj.</strong></span> <span class='ocrx_word' id='word_1_141' title='bbox 933 2717 1030 2804; x_wconf 86' lang='lat' dir='ltr'><strong>Dete</strong></span> <span class='ocrx_word' id='word_1_142' title='bbox 1061 2729 1098 2804; x_wconf 91' lang='lat' dir='ltr'><strong>et</strong></span> <span class='ocrx_word' id='word_1_143' title='bbox 1123 2734 1207 2805; x_wconf 91' lang='lat' dir='ltr'><strong>acta</strong></span> <span class='ocrx_word' id='word_1_144' title='bbox 1237 2743 1284 2804; x_wconf 90' lang='lat' dir='ltr'><strong>ac</strong></span> <span class='ocrx_word' id='word_1_145' title='bbox 1313 2717 1410 2804; x_wconf 88' lang='lat' dir='ltr'><strong>lecta</strong></span> <span class='ocrx_word' id='word_1_146' title='bbox 1438 2730 1473 2804; x_wconf 89' lang='lat' dir='ltr'><strong>et</strong></span> <span class='ocrx_word' id='word_1_147' title='bbox 1496 2718 1594 2822; x_wconf 83' lang='lat' dir='ltr'><strong>tata,</strong></span> <span class='ocrx_word' id='word_1_148' title='bbox 1630 2747 1677 2804; x_wconf 91' lang='lat' dir='ltr'><strong>ac</strong></span> <span class='ocrx_word' id='word_1_149' title='bbox 1698 2718 1733 2802; x_wconf 91' lang='lat' dir='ltr'><strong>in</strong></span> <span class='ocrx_word' id='word_1_150' title='bbox 1755 2720 1904 2834; x_wconf 90' lang='lat' dir='ltr'><strong>scriptis</strong></span> <span class='ocrx_word' id='word_1_151' title='bbox 1924 2745 2014 2834; x_wconf 92' lang='lat' dir='ltr'><strong>pro-</strong></span> 
     </span>
     <span class='ocr_line' id='line_1_18' title="bbox 391 2831 2015 2953; baseline -0.001 -31"><span class='ocrx_word' id='word_1_152' title='bbox 391 2836 557 2953; x_wconf 77' lang='lat' dir='ltr'><strong>mulgata</strong></span> <span class='ocrx_word' id='word_1_153' title='bbox 576 2838 642 2922; x_wconf 81' lang='lat' dir='ltr'><strong>suit</strong></span> <span class='ocrx_word' id='word_1_154' title='bbox 660 2833 879 2953; x_wconf 89' lang='lat' dir='ltr'><strong>supradicta</strong></span> <span class='ocrx_word' id='word_1_155' title='bbox 900 2831 1023 2922; x_wconf 80' lang='lat' dir='ltr'><strong>ultima</strong></span> <span class='ocrx_word' id='word_1_156' title='bbox 1044 2837 1236 2924; x_wconf 87' lang='lat' dir='ltr'><strong>sentencia</strong></span> <span class='ocrx_word' id='word_1_157' title='bbox 1257 2865 1327 2953; x_wconf 90' lang='lat' dir='ltr'><strong>per</strong></span> <span class='ocrx_word' id='word_1_158' title='bbox 1347 2865 1417 2921; x_wconf 90' lang='lat' dir='ltr'><strong>nos</strong></span> <span class='ocrx_word' id='word_1_159' title='bbox 1437 2836 1650 2922; x_wconf 77' lang='lat' dir='ltr'><strong>Johannan</strong></span> <span class='ocrx_word' id='word_1_160' title='bbox 1682 2833 1921 2921; x_wconf 85' lang='lat' dir='ltr'><strong>Cardinaiem</strong></span> <span class='ocrx_word' id='word_1_161' title='bbox 1948 2835 2015 2920; x_wconf 84' lang='lat' dir='ltr'><strong>du-</strong></span> 
     </span>
     <span class='ocr_line' id='line_1_19' title="bbox 390 2952 2014 3068; baseline -0.003 -28"><span class='ocrx_word' id='word_1_162' title='bbox 390 2954 511 3041; x_wconf 84' lang='lat' dir='ltr'><strong>dieem</strong></span> <span class='ocrx_word' id='word_1_163' title='bbox 541 2966 579 3039; x_wconf 89' lang='lat' dir='ltr'><strong>ct</strong></span> <span class='ocrx_word' id='word_1_164' title='bbox 608 2956 865 3043; x_wconf 91' lang='lat' dir='ltr'><strong>comissarium</strong></span> <span class='ocrx_word' id='word_1_165' title='bbox 895 2981 942 3040; x_wconf 90' lang='lat' dir='ltr'><strong>ac</strong></span> <span class='ocrx_word' id='word_1_166' title='bbox 969 2967 1209 3041; x_wconf 87' lang='lat' dir='ltr'><strong>executorem</strong></span> <span class='ocrx_word' id='word_1_167' title='bbox 1241 2954 1424 3068; x_wconf 81' lang='lat' dir='ltr'><strong>prefatum</strong></span> <span class='ocrx_word' id='word_1_168' title='bbox 1454 2961 1587 3059; x_wconf 83' lang='lat' dir='ltr'><strong>Rome,</strong></span> <span class='ocrx_word' id='word_1_169' title='bbox 1614 2954 1650 3039; x_wconf 93' lang='lat' dir='ltr'><strong>in</strong></span> <span class='ocrx_word' id='word_1_170' title='bbox 1678 2952 1851 3040; x_wconf 90' lang='lat' dir='ltr'><strong>domibus</strong></span> <span class='ocrx_word' id='word_1_171' title='bbox 1884 2967 2014 3042; x_wconf 88' lang='lat' dir='ltr'><strong>nostre</strong></span> 
     </span>
     <span class='ocr_line' id='line_1_20' title="bbox 391 3069 2016 3188; baseline -0.002 -30"><span class='ocrx_word' id='word_1_172' title='bbox 391 3072 500 3158; x_wconf 81' lang='lat' dir='ltr'><strong>solite</strong></span> <span class='ocrx_word' id='word_1_173' title='bbox 513 3069 733 3178; x_wconf 90' lang='lat' dir='ltr'><strong>resideuoie‚</strong></span> <span class='ocrx_word' id='word_1_174' title='bbox 756 3071 866 3159; x_wconf 90' lang='lat' dir='ltr'><strong>nobis</strong></span> <span class='ocrx_word' id='word_1_175' title='bbox 887 3072 984 3173; x_wconf 89' lang='lat' dir='ltr'><strong>inibi,</strong></span> <span class='ocrx_word' id='word_1_176' title='bbox 999 3072 1350 3188; x_wconf 88' lang='lat' dir='ltr'><strong>boravesperorum</strong></span> <span class='ocrx_word' id='word_1_177' title='bbox 1368 3087 1559 3172; x_wconf 88' lang='lat' dir='ltr'><strong>consueta,</strong></span> <span class='ocrx_word' id='word_1_178' title='bbox 1582 3069 1630 3157; x_wconf 92' lang='lat' dir='ltr'><strong>ad</strong></span> <span class='ocrx_word' id='word_1_179' title='bbox 1646 3073 1733 3188; x_wconf 88' lang='lat' dir='ltr'><strong>jura</strong></span> <span class='ocrx_word' id='word_1_180' title='bbox 1750 3070 1962 3174; x_wconf 81' lang='lat' dir='ltr'><strong>reddenda,</strong></span> <span class='ocrx_word' id='word_1_181' title='bbox 1979 3072 2016 3154; x_wconf 93' lang='lat' dir='ltr'><strong>in</strong></span> 
     </span>
     <span class='ocr_line' id='line_1_21' title="bbox 390 3188 2014 3306; baseline 0 -32"><span class='ocrx_word' id='word_1_182' title='bbox 390 3190 478 3276; x_wconf 89' lang='lat' dir='ltr'><strong>locu</strong></span> <span class='ocrx_word' id='word_1_183' title='bbox 499 3203 630 3276; x_wconf 88' lang='lat' dir='ltr'><strong>nostro</strong></span> <span class='ocrx_word' id='word_1_184' title='bbox 645 3189 766 3294; x_wconf 90' lang='lat' dir='ltr'><strong>solito,</strong></span> <span class='ocrx_word' id='word_1_185' title='bbox 783 3217 853 3306; x_wconf 94' lang='lat' dir='ltr'><strong>pro</strong></span> <span class='ocrx_word' id='word_1_186' title='bbox 869 3189 1038 3276; x_wconf 82' lang='lat' dir='ltr'><strong>tribunati</strong></span> <span class='ocrx_word' id='word_1_187' title='bbox 1060 3189 1288 3294; x_wconf 89' lang='lat' dir='ltr'><strong>sedentibus,</strong></span> <span class='ocrx_word' id='word_1_188' title='bbox 1310 3189 1380 3276; x_wconf 94' lang='lat' dir='ltr'><strong>sub</strong></span> <span class='ocrx_word' id='word_1_189' title='bbox 1401 3218 1501 3275; x_wconf 90' lang='lat' dir='ltr'><strong>anno</strong></span> <span class='ocrx_word' id='word_1_190' title='bbox 1523 3219 1546 3274; x_wconf 94' lang='lat' dir='ltr'><strong>a</strong></span> <span class='ocrx_word' id='word_1_191' title='bbox 1567 3189 1757 3275; x_wconf 85' lang='lat' dir='ltr'><strong>nativitate</strong></span> <span class='ocrx_word' id='word_1_192' title='bbox 1776 3188 1915 3276; x_wconf 91' lang='lat' dir='ltr'><strong>domiui</strong></span> <span class='ocrx_word' id='word_1_193' title='bbox 1935 3188 2014 3274; x_wconf 86' lang='lat' dir='ltr'><strong>mii·</strong></span> 
     </span>
     <span class='ocr_line' id='line_1_22' title="bbox 392 3305 2087 3416; baseline -0.001 -22"><span class='ocrx_word' id='word_1_194' title='bbox 392 3309 523 3396; x_wconf 86' lang='lat' dir='ltr'><strong>iesimo</strong></span> <span class='ocrx_word' id='word_1_195' title='bbox 550 3306 729 3394; x_wconf 53' lang='lat' dir='ltr'>CCCCM</span> <span class='ocrx_word' id='word_1_196' title='bbox 758 3307 945 3394; x_wconf 88' lang='lat' dir='ltr'><strong>tricesimu</strong></span> <span class='ocrx_word' id='word_1_197' title='bbox 974 3306 1165 3411; x_wconf 90' lang='lat' dir='ltr'><strong>secundo,</strong></span> <span class='ocrx_word' id='word_1_198' title='bbox 1204 3307 1413 3416; x_wconf 81' lang='lat' dir='ltr'><strong>indiccione</strong></span> <span class='ocrx_word' id='word_1_199' title='bbox 1440 3305 1607 3412; x_wconf 90' lang='lat' dir='ltr'><strong>decima,</strong></span> <span class='ocrx_word' id='word_1_200' title='bbox 1648 3305 1708 3392; x_wconf 89' lang='lat' dir='ltr'><strong>die</strong></span> <span class='ocrx_word' id='word_1_201' title='bbox 1738 3335 1831 3392; x_wconf 89' lang='lat' dir='ltr'><strong>vero</strong></span> <span class='ocrx_word' id='word_1_202' title='bbox 1866 3305 2017 3398; x_wconf 88' lang='lat' dir='ltr'><strong>venaris</strong></span> <span class='ocrx_word' id='word_1_203' title='bbox 2081 3329 2087 3335; x_wconf 84' lang='lat'>·</span> 
     </span>
     <span class='ocr_line' id='line_1_23' title="bbox 391 3423 2032 3540; baseline -0.002 -29"><span class='ocrx_word' id='word_1_204' title='bbox 391 3425 660 3513; x_wconf 88' lang='lat' dir='ltr'><strong>decimanona</strong></span> <span class='ocrx_word' id='word_1_205' title='bbox 687 3425 826 3512; x_wconf 90' lang='lat' dir='ltr'><strong>mensis</strong></span> <span class='ocrx_word' id='word_1_206' title='bbox 856 3423 1105 3540; x_wconf 88' lang='lat' dir='ltr'><strong>Septembris,</strong></span> <span class='ocrx_word' id='word_1_207' title='bbox 1136 3425 1375 3540; x_wconf 80' lang='lat' dir='ltr'><strong>pontificatus</strong></span> <span class='ocrx_word' id='word_1_208' title='bbox 1403 3425 1536 3540; x_wconf 79' lang='lat' dir='ltr'><strong>prefati</strong></span> <span class='ocrx_word' id='word_1_209' title='bbox 1562 3423 1700 3510; x_wconf 91' lang='lat' dir='ltr'><strong>domini</strong></span> <span class='ocrx_word' id='word_1_210' title='bbox 1731 3425 1846 3511; x_wconf 90' lang='lat' dir='ltr'><strong>nostri</strong></span> <span class='ocrx_word' id='word_1_211' title='bbox 1877 3423 2032 3511; x_wconf 61' lang='lat' dir='ltr'><strong>domini&lt;</strong></span> 
     </span>
     <span class='ocr_line' id='line_1_24' title="bbox 391 3539 2017 3661; baseline -0.002 -33"><span class='ocrx_word' id='word_1_212' title='bbox 391 3541 567 3661; x_wconf 79' lang='lat' dir='ltr'><strong>Eugenij‚</strong></span> <span class='ocrx_word' id='word_1_213' title='bbox 583 3540 708 3631; x_wconf 84' lang='lat' dir='ltr'><strong>diviua</strong></span> <span class='ocrx_word' id='word_1_214' title='bbox 723 3539 967 3655; x_wconf 88' lang='lat' dir='ltr'><strong>providencia</strong></span> <span class='ocrx_word' id='word_1_215' title='bbox 985 3541 1092 3657; x_wconf 91' lang='lat' dir='ltr'><strong>Pape</strong></span> <span class='ocrx_word' id='word_1_216' title='bbox 1109 3569 1210 3627; x_wconf 89' lang='lat' dir='ltr'><strong>anno</strong></span> <span class='ocrx_word' id='word_1_217' title='bbox 1226 3540 1407 3647; x_wconf 90' lang='lat' dir='ltr'><strong>secundo,</strong></span> <span class='ocrx_word' id='word_1_218' title='bbox 1427 3541 1664 3657; x_wconf 88' lang='lat' dir='ltr'><strong>presentibus</strong></span> <span class='ocrx_word' id='word_1_219' title='bbox 1684 3540 1820 3629; x_wconf 90' lang='lat' dir='ltr'><strong>ibidem</strong></span> <span class='ocrx_word' id='word_1_220' title='bbox 1842 3540 2017 3628; x_wconf 82' lang='lat' dir='ltr'><strong>discretis</strong></span> 
     </span>
     <span class='ocr_line' id='line_1_25' title="bbox 392 3657 2139 3777; baseline 0.001 -33"><span class='ocrx_word' id='word_1_221' title='bbox 392 3661 493 3766; x_wconf 92' lang='lat' dir='ltr'><strong>viris,</strong></span> <span class='ocrx_word' id='word_1_222' title='bbox 515 3659 685 3747; x_wconf 91' lang='lat' dir='ltr'><strong>dominis:</strong></span> <span class='ocrx_word' id='word_1_223' title='bbox 706 3659 894 3777; x_wconf 79' lang='lat' dir='ltr'><strong>Magistro</strong></span> <span class='ocrx_word' id='word_1_224' title='bbox 914 3657 1074 3747; x_wconf 90' lang='lat' dir='ltr'><strong>Nieolao</strong></span> <span class='ocrx_word' id='word_1_225' title='bbox 1096 3659 1306 3775; x_wconf 89' lang='lat' dir='ltr'><strong>Spiozmer,</strong></span> <span class='ocrx_word' id='word_1_226' title='bbox 1325 3657 1514 3746; x_wconf 90' lang='lat' dir='ltr'><strong>·Gerardc</strong></span> <span class='ocrx_word' id='word_1_227' title='bbox 1537 3659 1718 3777; x_wconf 88' lang='lat' dir='ltr'><strong>Clepper‚</strong></span> <span class='ocrx_word' id='word_1_228' title='bbox 1750 3675 1786 3746; x_wconf 93' lang='lat' dir='ltr'><strong>et</strong></span> <span class='ocrx_word' id='word_1_229' title='bbox 1807 3661 1923 3747; x_wconf 89' lang='lat' dir='ltr'><strong>Petro</strong></span> <span class='ocrx_word' id='word_1_230' title='bbox 1941 3659 2016 3745; x_wconf 90' lang='lat' dir='ltr'><strong>Pe·</strong></span> <span class='ocrx_word' id='word_1_231' title='bbox 2133 3771 2139 3776; x_wconf 80' lang='lat'>.</span> 
     </span>
     <span class='ocr_line' id='line_1_26' title="bbox 392 3775 2149 3895; baseline -0.006 -31"><span class='ocrx_word' id='word_1_232' title='bbox 392 3791 508 3874; x_wconf 88' lang='lat' dir='ltr'><strong>rotas,</strong></span> <span class='ocrx_word' id='word_1_233' title='bbox 530 3777 678 3895; x_wconf 82' lang='lat' dir='ltr'><strong>poliacij</strong></span> <span class='ocrx_word' id='word_1_234' title='bbox 695 3807 894 3865; x_wconf 89' lang='lat' dir='ltr'><strong>causarum</strong></span> <span class='ocrx_word' id='word_1_235' title='bbox 911 3777 1121 3895; x_wconf 82' lang='lat' dir='ltr'><strong>Apostolici</strong></span> <span class='ocrx_word' id='word_1_236' title='bbox 1142 3775 1299 3895; x_wconf 91' lang='lat' dir='ltr'><strong>predicti</strong></span> <span class='ocrx_word' id='word_1_237' title='bbox 1319 3775 1500 3894; x_wconf 88' lang='lat' dir='ltr'><strong>Notarijs‚</strong></span> <span class='ocrx_word' id='word_1_238' title='bbox 1512 3777 1658 3863; x_wconf 89' lang='lat' dir='ltr'><strong>clericis</strong></span> <span class='ocrx_word' id='word_1_239' title='bbox 1670 3779 1938 3865; x_wconf 90' lang='lat' dir='ltr'><strong>Cracoviensis</strong></span> <span class='ocrx_word' id='word_1_240' title='bbox 1952 3776 2015 3862; x_wconf 82' lang='lat' dir='ltr'><strong>Gi·</strong></span> <span class='ocrx_word' id='word_1_241' title='bbox 2146 3849 2149 3854; x_wconf 84' lang='lat'>.</span> 
     </span>
     <span class='ocr_line' id='line_1_27' title="bbox 392 3893 2103 4012; baseline 0 -32"><span class='ocrx_word' id='word_1_242' title='bbox 392 3895 515 3982; x_wconf 89' lang='lat' dir='ltr'><strong>vitatis</strong></span> <span class='ocrx_word' id='word_1_243' title='bbox 535 3925 583 3981; x_wconf 89' lang='lat' dir='ltr'><strong>ac</strong></span> <span class='ocrx_word' id='word_1_244' title='bbox 606 3895 843 3983; x_wconf 83' lang='lat' dir='ltr'><strong>Coloniensis</strong></span> <span class='ocrx_word' id='word_1_245' title='bbox 864 3909 900 3981; x_wconf 91' lang='lat' dir='ltr'><strong>et</strong></span> <span class='ocrx_word' id='word_1_246' title='bbox 919 3893 1156 3984; x_wconf 88' lang='lat' dir='ltr'><strong>Lodevensis</strong></span> <span class='ocrx_word' id='word_1_247' title='bbox 1180 3895 1263 4008; x_wconf 79' lang='lat' dir='ltr'><strong>(sic)</strong></span> <span class='ocrx_word' id='word_1_248' title='bbox 1284 3893 1534 4000; x_wconf 89' lang='lat' dir='ltr'><strong>diocesarum,</strong></span> <span class='ocrx_word' id='word_1_249' title='bbox 1561 3893 1720 3981; x_wconf 90' lang='lat' dir='ltr'><strong>testibus</strong></span> <span class='ocrx_word' id='word_1_250' title='bbox 1749 3895 1799 3980; x_wconf 90' lang='lat' dir='ltr'><strong>ad</strong></span> <span class='ocrx_word' id='word_1_251' title='bbox 1828 3894 2014 4012; x_wconf 88' lang='lat' dir='ltr'><strong>premissa</strong></span> <span class='ocrx_word' id='word_1_252' title='bbox 2097 3934 2103 3950; x_wconf 66' lang='lat'><em>¹</em></span> 
     </span>
     <span class='ocr_line' id='line_1_28' title="bbox 393 4014 1007 4130; baseline 0.003 -34"><span class='ocrx_word' id='word_1_253' title='bbox 393 4014 539 4099; x_wconf 85' lang='lat' dir='ltr'><strong>vocatis</strong></span> <span class='ocrx_word' id='word_1_254' title='bbox 559 4014 829 4128; x_wconf 84' lang='lat' dir='ltr'><strong>specialiteret</strong></span> <span class='ocrx_word' id='word_1_255' title='bbox 848 4015 1007 4130; x_wconf 84' lang='lat' dir='ltr'><strong>rugatis.</strong></span> 
     </span>
    </p>

    <p class='ocr_par' dir='ltr' id='par_1_4' title="bbox 317 4127 2018 5071">
     <span class='ocr_line' id='line_1_29' title="bbox 495 4127 2015 4245; baseline 0.001 -31"><span class='ocrx_word' id='word_1_256' title='bbox 495 4129 739 4242; x_wconf 88' lang='lat' dir='ltr'><strong>Subscripcio</strong></span> <span class='ocrx_word' id='word_1_257' title='bbox 767 4157 860 4215; x_wconf 90' lang='lat' dir='ltr'><strong>vero</strong></span> <span class='ocrx_word' id='word_1_258' title='bbox 885 4131 1018 4244; x_wconf 88' lang='lat' dir='ltr'><strong>notarij</strong></span> <span class='ocrx_word' id='word_1_259' title='bbox 1048 4131 1214 4245; x_wconf 86' lang='lat' dir='ltr'><strong>presenti</strong></span> <span class='ocrx_word' id='word_1_260' title='bbox 1240 4129 1439 4244; x_wconf 90' lang='lat' dir='ltr'><strong>processui</strong></span> <span class='ocrx_word' id='word_1_261' title='bbox 1468 4127 1667 4245; x_wconf 85' lang='lat' dir='ltr'><strong>subscripti</strong></span> <span class='ocrx_word' id='word_1_262' title='bbox 1693 4128 1953 4216; x_wconf 85' lang='lat' dir='ltr'><strong>continebatur</strong></span> <span class='ocrx_word' id='word_1_263' title='bbox 1980 4130 2015 4216; x_wconf 93' lang='lat' dir='ltr'><strong>in</strong></span> 
     </span>
     <span class='ocr_line' id='line_1_30' title="bbox 395 4243 2018 4364; baseline -0.001 -30"><span class='ocrx_word' id='word_1_264' title='bbox 395 4247 467 4334; x_wconf 89' lang='lat' dir='ltr'><strong>bec</strong></span> <span class='ocrx_word' id='word_1_265' title='bbox 486 4243 621 4330; x_wconf 85' lang='lat' dir='ltr'><strong>verba:</strong></span> <span class='ocrx_word' id='word_1_266' title='bbox 653 4245 703 4332; x_wconf 86' lang='lat' dir='ltr'><strong>Et</strong></span> <span class='ocrx_word' id='word_1_267' title='bbox 723 4274 799 4362; x_wconf 84' lang='lat' dir='ltr'><strong>ego</strong></span> <span class='ocrx_word' id='word_1_268' title='bbox 826 4244 998 4361; x_wconf 76' lang='lat' dir='ltr'><strong>Angelus</strong></span> <span class='ocrx_word' id='word_1_269' title='bbox 1026 4243 1211 4332; x_wconf 84' lang='lat' dir='ltr'><strong>dohonnis</strong></span> <span class='ocrx_word' id='word_1_270' title='bbox 1240 4244 1289 4331; x_wconf 91' lang='lat' dir='ltr'><strong>de</strong></span> <span class='ocrx_word' id='word_1_271' title='bbox 1316 4252 1525 4352; x_wconf 81' lang='lat' dir='ltr'><strong>Rucbneto,</strong></span> <span class='ocrx_word' id='word_1_272' title='bbox 1546 4245 1717 4362; x_wconf 79' lang='lat' dir='ltr'><strong>publicus</strong></span> <span class='ocrx_word' id='word_1_273' title='bbox 1738 4245 1959 4364; x_wconf 78' lang='lat' dir='ltr'><strong>Apostolica</strong></span> <span class='ocrx_word' id='word_1_274' title='bbox 1980 4263 2018 4333; x_wconf 88' lang='lat' dir='ltr'><strong>et</strong></span> 
     </span>
     <span class='ocr_line' id='line_1_31' title="bbox 394 4359 2017 4482; baseline 0 -32"><span class='ocrx_word' id='word_1_275' title='bbox 394 4361 578 4481; x_wconf 83' lang='lat' dir='ltr'><strong>imperiali</strong></span> <span class='ocrx_word' id='word_1_276' title='bbox 605 4363 828 4449; x_wconf 86' lang='lat' dir='ltr'><strong>auctoritate</strong></span> <span class='ocrx_word' id='word_1_277' title='bbox 857 4359 1072 4449; x_wconf 88' lang='lat' dir='ltr'><strong>Notariatus</strong></span> <span class='ocrx_word' id='word_1_278' title='bbox 1103 4359 1283 4449; x_wconf 90' lang='lat' dir='ltr'><strong>Notarius</strong></span> <span class='ocrx_word' id='word_1_279' title='bbox 1313 4363 1412 4472; x_wconf 85' lang='lat' dir='ltr'><strong>(sic),</strong></span> <span class='ocrx_word' id='word_1_280' title='bbox 1450 4361 1768 4450; x_wconf 88' lang='lat' dir='ltr'><strong>Reverendissimi</strong></span> <span class='ocrx_word' id='word_1_281' title='bbox 1799 4393 1874 4482; x_wconf 91' lang='lat' dir='ltr'><strong>quo</strong></span> <span class='ocrx_word' id='word_1_282' title='bbox 1904 4393 1954 4448; x_wconf 91' lang='lat' dir='ltr'><strong>ue</strong></span> <span class='ocrx_word' id='word_1_283' title='bbox 1979 4365 2017 4450; x_wconf 90' lang='lat' dir='ltr'><strong>in</strong></span> 
     </span>
     <span class='ocr_line' id='line_1_32' title="bbox 395 4395 2017 4596; baseline 0.002 -29"><span class='ocrx_word' id='word_1_284' title='bbox 395 4480 548 4567; x_wconf 88' lang='lat' dir='ltr'><strong>Christo</strong></span> <span class='ocrx_word' id='word_1_285' title='bbox 567 4482 686 4596; x_wconf 90' lang='lat' dir='ltr'><strong>petris</strong></span> <span class='ocrx_word' id='word_1_286' title='bbox 707 4479 844 4567; x_wconf 90' lang='lat' dir='ltr'><strong>domini</strong></span> <span class='ocrx_word' id='word_1_287' title='bbox 864 4478 1048 4567; x_wconf 88' lang='lat' dir='ltr'><strong>Johannis</strong></span> <span class='ocrx_word' id='word_1_288' title='bbox 1069 4477 1282 4568; x_wconf 84' lang='lat' dir='ltr'><strong>Cardiuaiis</strong></span> <span class='ocrx_word' id='word_1_289' title='bbox 1302 4493 1341 4565; x_wconf 92' lang='lat' dir='ltr'><strong>et</strong></span> <span class='ocrx_word' id='word_1_290' title='bbox 1360 4481 1571 4567; x_wconf 86' lang='lat' dir='ltr'><strong>executoris</strong></span> <span class='ocrx_word' id='word_1_291' title='bbox 1597 4481 1731 4596; x_wconf 78' lang='lat' dir='ltr'><strong>prefati</strong></span> <span class='ocrx_word' id='word_1_292' title='bbox 1751 4395 2017 4570; x_wconf 74' lang='lat' dir='ltr'><strong>oausebuius-</strong></span> 
     </span>
     <span class='ocr_line' id='line_1_33' title="bbox 396 4597 2018 4715; baseline 0.001 -31"><span class='ocrx_word' id='word_1_293' title='bbox 396 4599 496 4684; x_wconf 94' lang='lat' dir='ltr'><strong>modi</strong></span> <span class='ocrx_word' id='word_1_294' title='bbox 524 4627 652 4684; x_wconf 90' lang='lat' dir='ltr'><strong>coram</strong></span> <span class='ocrx_word' id='word_1_295' title='bbox 675 4627 722 4685; x_wconf 90' lang='lat' dir='ltr'><strong>eo</strong></span> <span class='ocrx_word' id='word_1_296' title='bbox 743 4597 886 4700; x_wconf 86' lang='lat' dir='ltr'><strong>scriba,</strong></span> <span class='ocrx_word' id='word_1_297' title='bbox 917 4598 979 4714; x_wconf 91' lang='lat' dir='ltr'><strong>qui</strong></span> <span class='ocrx_word' id='word_1_298' title='bbox 1005 4612 1213 4713; x_wconf 85' lang='lat' dir='ltr'><strong>processus</strong></span> <span class='ocrx_word' id='word_1_299' title='bbox 1248 4597 1510 4686; x_wconf 88' lang='lat' dir='ltr'><strong>executorialis</strong></span> <span class='ocrx_word' id='word_1_300' title='bbox 1536 4597 1747 4685; x_wconf 90' lang='lat' dir='ltr'><strong>huiusmodi</strong></span> <span class='ocrx_word' id='word_1_301' title='bbox 1778 4598 1954 4715; x_wconf 92' lang='lat' dir='ltr'><strong>peticioni</strong></span> <span class='ocrx_word' id='word_1_302' title='bbox 1980 4613 2018 4686; x_wconf 90' lang='lat' dir='ltr'><strong>et</strong></span> 
     </span>
     <span class='ocr_line' id='line_1_34' title="bbox 396 4713 2016 4835; baseline 0.001 -33"><span class='ocrx_word' id='word_1_303' title='bbox 396 4715 569 4819; x_wconf 91' lang='lat' dir='ltr'><strong>decreto,</strong></span> <span class='ocrx_word' id='word_1_304' title='bbox 608 4717 732 4804; x_wconf 81' lang='lat' dir='ltr'><strong>ultime</strong></span> <span class='ocrx_word' id='word_1_305' title='bbox 762 4743 808 4812; x_wconf 86' lang='lat' dir='ltr'><strong>ue</strong></span> <span class='ocrx_word' id='word_1_306' title='bbox 829 4717 1020 4804; x_wconf 90' lang='lat' dir='ltr'><strong>sentencie</strong></span> <span class='ocrx_word' id='word_1_307' title='bbox 1040 4714 1208 4831; x_wconf 88' lang='lat' dir='ltr'><strong>predicte</strong></span> <span class='ocrx_word' id='word_1_308' title='bbox 1228 4713 1434 4831; x_wconf 86' lang='lat' dir='ltr'><strong>proiecioni</strong></span> <span class='ocrx_word' id='word_1_309' title='bbox 1454 4743 1615 4833; x_wconf 90' lang='lat' dir='ltr'><strong>presens</strong></span> <span class='ocrx_word' id='word_1_310' title='bbox 1630 4713 1696 4818; x_wconf 85' lang='lat' dir='ltr'><strong>tui,</strong></span> <span class='ocrx_word' id='word_1_311' title='bbox 1717 4745 1839 4835; x_wconf 89' lang='lat' dir='ltr'><strong>eaque</strong></span> <span class='ocrx_word' id='word_1_312' title='bbox 1859 4717 1916 4804; x_wconf 91' lang='lat' dir='ltr'><strong>sic</strong></span> <span class='ocrx_word' id='word_1_313' title='bbox 1935 4715 2016 4834; x_wconf 69' lang='lat' dir='ltr'><strong>tierp‘</strong></span> 
     </span>
     <span class='ocr_line' id='line_1_35' title="bbox 396 4747 2017 4952; baseline 0.001 -33"><span class='ocrx_word' id='word_1_314' title='bbox 396 4831 527 4920; x_wconf 84' lang='lat' dir='ltr'><strong>vidiat</strong></span> <span class='ocrx_word' id='word_1_315' title='bbox 548 4831 691 4938; x_wconf 86' lang='lat' dir='ltr'><strong>audivi,</strong></span> <span class='ocrx_word' id='word_1_316' title='bbox 721 4747 871 4952; x_wconf 64' lang='lat' dir='ltr'><strong>odioque</strong></span> <span class='ocrx_word' id='word_1_317' title='bbox 903 4833 1158 4949; x_wconf 86' lang='lat' dir='ltr'><strong>suprascripta</strong></span> <span class='ocrx_word' id='word_1_318' title='bbox 1180 4833 1214 4918; x_wconf 91' lang='lat' dir='ltr'><strong>in</strong></span> <span class='ocrx_word' id='word_1_319' title='bbox 1235 4833 1330 4920; x_wconf 89' lang='lat' dir='ltr'><strong>actis</strong></span> <span class='ocrx_word' id='word_1_320' title='bbox 1355 4861 1470 4920; x_wconf 89' lang='lat' dir='ltr'><strong>cause</strong></span> <span class='ocrx_word' id='word_1_321' title='bbox 1502 4831 1724 4918; x_wconf 90' lang='lat' dir='ltr'><strong>huiusmodi.</strong></span> <span class='ocrx_word' id='word_1_322' title='bbox 1744 4836 1792 4922; x_wconf 88' lang='lat' dir='ltr'><strong>ita</strong></span> <span class='ocrx_word' id='word_1_323' title='bbox 1823 4863 1910 4920; x_wconf 86' lang='lat' dir='ltr'><strong>esse</strong></span> <span class='ocrx_word' id='word_1_324' title='bbox 1929 4863 2017 4952; x_wconf 87' lang='lat' dir='ltr'><strong>rep.-</strong></span> 
     </span>
     <span class='ocr_line' id='line_1_36' title="bbox 317 4949 2016 5071; baseline 0.002 -34"><span class='ocrx_word' id='word_1_325' title='bbox 317 4987 321 4992; x_wconf 95' lang='lat'>·</span> <span class='ocrx_word' id='word_1_326' title='bbox 394 4951 474 5068; x_wconf 86' lang='lat' dir='ltr'><strong>perj</strong></span> <span class='ocrx_word' id='word_1_327' title='bbox 496 4951 579 5064; x_wconf 92' lang='lat' dir='ltr'><strong>(sic)</strong></span> <span class='ocrx_word' id='word_1_328' title='bbox 600 4963 637 5037; x_wconf 91' lang='lat' dir='ltr'><strong>et</strong></span> <span class='ocrx_word' id='word_1_329' title='bbox 658 4953 800 5060; x_wconf 86' lang='lat' dir='ltr'><strong>inveni,</strong></span> <span class='ocrx_word' id='word_1_330' title='bbox 830 4949 917 5040; x_wconf 92' lang='lat' dir='ltr'><strong>ideo</strong></span> <span class='ocrx_word' id='word_1_331' title='bbox 937 4979 1097 5071; x_wconf 88' lang='lat' dir='ltr'><strong>presens</strong></span> <span class='ocrx_word' id='word_1_332' title='bbox 1129 4949 1315 5068; x_wconf 85' lang='lat' dir='ltr'><strong>publicum</strong></span> <span class='ocrx_word' id='word_1_333' title='bbox 1337 4950 1617 5038; x_wconf 90' lang='lat' dir='ltr'><strong>instrumentum</strong></span> <span class='ocrx_word' id='word_1_334' title='bbox 1648 4951 1847 5068; x_wconf 82' lang='lat' dir='ltr'><strong>peculium</strong></span> <span class='ocrx_word' id='word_1_335' title='bbox 1866 4949 2016 5040; x_wconf 80' lang='lat' dir='ltr'><strong>fidetem</strong></span> 
     </span>
    </p>
   </div>
   <div class='ocr_carea' id='block_1_3' title="bbox 0 0 2482 5940">
    <p class='ocr_par' dir='ltr' id='par_1_5' title="bbox 0 0 2482 5940">
     <span class='ocr_line' id='line_1_37' title="bbox 0 0 2482 5940; baseline 0 0"><span class='ocrx_word' id='word_1_336' title='bbox 0 0 2482 5940; x_wconf 95' lang='lat' dir='ltr'><strong> </strong></span> 
     </span>
    </p>
   </div>
  </div>
 </body>
</html>
