4878 5942
1165 713 1473 790 ..302...'

492 925 606 1031 tibus,
637 917 733 1008 idem
764 914 1014 1036 Dadzbogius
1044 897 1270 1034 procurator
1307 929 1345 1002 ct
1380 915 1528 1002 nomine
1566 915 1846 1030 procuratorio,
1880 945 1957 1035 quo
1989 945 2114 1035 snpra,

490 1041 697 1160 peticiones
713 1033 947 1123 etarticulos
979 1033 1176 1150 inscripto
1207 1032 1356 1139 obtulit,
1389 1062 1546 1152 quorum
1575 1033 1685 1148 copia
1711 1030 1852 1151 Egidio
1879 1037 2115 1154 procuratori

489 1159 607 1280 partis
636 1185 701 1244 ree
731 1153 869 1272 petenti
899 1181 968 1270 per
994 1179 1064 1238 nos
1090 1153 1156 1238 luit
1175 1149 1348 1256 decreta,
1380 1165 1418 1236 et
1438 1152 1615 1237 terminus
1637 1164 1857 1268 competens
1883 1152 1932 1238 ad
1954 1181 2114 1270 respon·

489 1273 653 1366 dendum
674 1267 1342 1378 eisdem,aliasadcontradicendum,
1364 1281 1445 1357 erat
1465 1270 1694 1388 assignatos:
1715 1283 1753 1354 et
1773 1271 1855 1388 ipso
1877 1270 2034 1358 termino
2049 1299 2114 1361 ve·-

488 1397 623 1496 niente,
634 1403 791 1509 utraque
801 1417 891 1507 pers
911 1388 1069 1474 termino
1080 1416 1155 1474 non
1168 1389 1366 1495 satisfecit3
1382 1387 1450 1474 sed
1465 1403 1599 1504 expost
1622 1383 1871 1505 Dadzbogius
1891 1403 2115 1505 procurator

488 1530 524 1606 et
545 1512 694 1600 nominc
741 1507 973 1594 rocuratorio
995 1504 1080 1592 dicti
1102 1503 1240 1592 domini
1261 1503 1621 1611 NicolaiCanonici,
1644 1519 1679 1592 et
1695 1502 1870 1592 dominus
1891 1506 2113 1612 Stanislaus,

491 1632 673 1750 plebanus
703 1539 751 1712 de
775 1630 959 1727 Chaerea,
981 1624 1115 1711 citatus
1135 1621 1185 1710 ad
1206 1622 1512 1741 respondendum
1533 1623 1697 1710 articulis
1727 1651 1859 1712 coram
1879 1624 1988 1714 nobis
2009 1653 2114 1710 com·

491 1763 683 1867 parentes,
700 1743 798 1831 idem
818 1742 1041 1847 Stanislaus,
1062 1769 1153 1860 pars
1175 1770 1251 1846 rea,
1273 1741 1396 1828 medio
1411 1741 1626 1857 juramento
1646 1741 1696 1828 ad
1707 1741 1886 1830 articulos
1906 1739 2112 1858 respondit,

489 1879 600 1984 prout
621 1861 761 1952 eisdem
784 1859 884 1979 apud
906 1875 992 1947 acta
1013 1888 1130 1946 cause
1157 1873 1214 1944 est
1235 1874 1271 1946 et
1291 1875 1371 1946 erat
1391 1873 1619 1946 annotatum.
1672 1857 1762 1972 Qua
1785 1857 1933 1976 quidem
1952 1885 2112 1976 respon·

490 1987 596 2075 sione
626 1979 675 2070 ad
705 1978 882 2066 articulos
911 1979 1040 2082 lacta,
1060 2006 1130 2064 nos
1160 2005 1275 2092 super
1296 1977 1445 2094 negatis
1466 1977 1631 2064 articulis
1652 1974 1753 2066 dicto
1774 1975 2003 2096 Dadzbogio
2025 2005 2113 2094 pro-

490 2100 653 2190 curatori
666 2098 816 2200 actoris
834 2094 885 2180 ad
898 2094 972 2182 hoc
988 2095 1105 2180 eciam
1122 2123 1165 2181 se
1181 2095 1444 2208 procuratorio
1466 2095 1613 2181 nomine
1635 2093 1813 2198 ollerenti,
1843 2094 2113 2212 probacionem

328 2225 339 2236 '
488 2217 705 2320 indiximus,
744 2227 886 2300 certum
922 2211 1115 2298 terminum
1152 2225 1495 2328 etcompetentcm
1528 2211 1578 2298 ad
1614 2211 1846 2330 probandum
1893 2225 2112 2297 statuentes.

489 2334 726 2424 Advenienta
745 2332 869 2448 itaque
889 2329 1044 2416 termino
1066 2343 1293 2434 memorato,
1324 2327 1573 2449 Dadzbogias
1602 2333 1758 2434 actoris,
1790 2343 1827 2416 et
1855 2325 2018 2463 Egidius
2049 2329 2114 2433 rei,

489 2463 760 2571 procuratores
787 2445 942 2564 predicti
968 2476 1096 2533 coram
1128 2446 1237 2532 nobis
1267 2463 1548 2564 comparentes,
1581 2446 1678 2534 idem
1707 2445 1958 2566 Dadzbogrus
1980 2475 2112 2564 procn-

488 2587 592 2660 rator
612 2581 650 2654 et
670 2567 818 2656 nomine
839 2567 1111 2681 procuratorio,
1132 2593 1207 2681 quo
1229 2594 1364 2680 supra,
1387 2565 1606 2651 citacionem
1628 2565 1720 2653 alias
1741 2566 1810 2652 sibi
1832 2595 1901 2682 per
1921 2593 1991 2651 nos
2022 2593 2112 2649 con·

486 2686 544 2778 tra
574 2701 690 2775 testes
720 2683 846 2769 datam
874 2713 958 2769 cam
989 2681 1114 2770 debita
1135 2683 1192 2768 sui
1213 2684 1442 2770 execucione
1469 2681 1663 2798 produxit,
1695 2699 1734 2771 et
1755 2683 2023 2772 contumaciam
2052 2693 2109 2765 te·

487 2808 597 2896 stium
618 2805 812 2890 citatorum
834 2813 871 2886 et
892 2831 966 2887 non
987 2800 1288 2917 comparcncium
1310 2801 1518 2902 accusavit,
1549 2830 1598 2888 ac
1618 2804 1813 2889 terminum
1844 2829 1913 2918 pro
1942 2795 2112 2885 secunda
2151 2821 2158 2836 ·

489 2923 684 3010 delacione
705 2920 786 3032 (sic)
808 2917 857 3004 ad
874 2916 1158 3036 producendum
1178 2917 1273 3006 alios
1290 2932 1405 3006 testes
1423 2947 1470 3004 ac
1492 2920 1713 3008 citacionem
1727 2915 2019 3009 contraeosdem
2043 2914 2114 3002 sibi

488 3039 570 3128 dari
591 3037 726 3157 petivit.
786 3035 871 3125 Nos
893 3065 1043 3155 qnoque
1066 3037 1248 3126 dictorum
1270 3038 1415 3124 testium
1437 3037 1631 3124 citatorum
1653 3054 1688 3125 et
1709 3068 1784 3126 non
1806 3034 2111 3155 comparencium

488 3159 665 3278 exigente
693 3156 947 3260 contumacia,
978 3156 1083 3271 ipsos
1105 3167 1321 3273 reputantes
1342 3156 1694 3272 pronunooiavimus
1715 3171 1975 3258 contumaees,
2007 3167 2044 3239 et
2064 3151 2113 3240 ob

488 3272 699 3363 huiusmodi
725 3273 996 3361 contumaciam
1019 3288 1144 3361 certos
1166 3301 1394 3392 processuS,
1417 3276 1630 3361 sentencias
1652 3271 2115 3362 excommunicacionis'in

489 3425 534 3480 se
555 3393 806 3498 continentes,
838 3421 885 3481 ac
912 3391 1131 3477 citacionem
1162 3406 1292 3497 contra
1326 3404 1441 3479 testes
1471 3391 1567 3480 alios
1598 3391 1698 3480 dicto
1720 3391 1949 3510 Dadzbogio
1976 3417 2114 3508 procu·

489 3512 604 3600 ratori
632 3510 773 3596 actoris
800 3509 938 3627 petenti
958 3507 1213 3614 decrevimus,
1245 3523 1282 3596 et
1303 3507 1471 3596 dedimus
1501 3523 1642 3596 certum
1665 3512 1858 3598 terminum
1879 3509 1929 3596 ad
1949 3509 2112 3626 proban·

490 3627 595 3730 dum,
626 3655 697 3744 pro
718 3627 886 3714 secunda
908 3625 1094 3711 dilacione
1117 3639 1334 3714 statuentes.
1366 3626 1550 3714 Veniente
1572 3629 1697 3763 itaque
1717 3629 1872 3715 termino
1894 3637 2112 3730 memorato,

445 3775 449 3783 ·
489 3745 612 3832 dictus
641 3741 890 3863 Dadzbogius
920 3742 1058 3830 domini
1089 3741 1237 3832 Nicolai
1268 3745 1471 3847 Canonici,
1503 3759 1540 3832 et
1569 3744 1728 3866 Egrdius
1754 3745 1934 3833 Stanislai
1954 3743 2113 3862 plebani,

487 3873 758 3980 procuratores
778 3861 1042 3978 predictorum,
1065 3889 1193 3948 coram
1215 3861 1324 3949 nobis
1345 3877 1620 3979 comparentes,
1641 3865 1738 3950 idem
1760 3863 2007 3982 Dadzbogius
2028 3889 2113 3978 pro·

489 3995 642 4068 curator
662 3993 699 4066 et
720 3980 868 4068 nomine
889 3981 1164 4098 procuratorio,
1187 4007 1262 4099 quo
1284 4009 1409 4096 supra,
1433 3981 1596 4100 quinque
1618 3998 1733 4069 testes
1755 3985 1906 4086 citatos,
1928 3997 1965 4066 et
1980 3991 2114 4097 expost

488 4100 583 4185 alios
604 4115 680 4186 tres
704 4113 836 4204 testeS,
868 4099 929 4216 qui
956 4096 1047 4184 alias
1078 4126 1206 4184 coram
1228 4125 1449 4215 comparere
1470 4127 1545 4184 non
1569 4117 1795 4191 curaverant
1815 4102 1849 4185 in
1871 4101 2028 4186 termino
2057 4096 2112 4181 eis

488 4217 704 4335 assignato,
737 4232 772 4304 et
794 4245 864 4332 per
883 4245 953 4302 nos
975 4216 1176 4332 sentencijs
1198 4217 1602 4322 excommunicacionis
1624 4234 1660 4303 et
1682 4219 1948 4336 agravuoionis
1968 4217 2113 4302 lucrant

486 4332 672 4436 innodati,
704 4333 898 4451 produxit,
937 4347 971 4418 et
1002 4331 1159 4421 eosdem
1196 4333 1364 4438 absolvi,
1412 4335 1527 4451 recipi
1569 4351 1605 4420 et
1647 4334 1788 4422 admitti
1827 4335 2046 4452 postulavit:
2077 4345 2114 4418 et

488 4451 560 4538 nos'
581 4450 736 4538 eosdem
758 4465 892 4554 testes,
924 4465 1076 4567 receptu
1106 4453 1288 4538 concione
1309 4451 1357 4537 ab
1379 4453 1467 4568 ipsis
1488 4452 1537 4538 de
1559 4451 1786 4554 obediendo,
1818 4452 2049 4540 absolvimus
2076 4461 2114 4535 ct

488 4569 525 4654 in
547 4565 633 4654 dicti
655 4566 792 4688 Egidij,
814 4571 1071 4686 procuratoris
1093 4566 1232 4655 domini
1253 4568 1429 4656 Stanislai
1442 4567 1589 4688 plebani
1599 4569 1766 4688 predicti,
1787 4571 1986 4689 presencia
2006 4599 2110 4656 rece·

487 4685 622 4803 pimus,
643 4687 861 4774 admisimus
882 4702 919 4774 et
938 4687 987 4773 eb
1009 4687 1119 4790 eis,et
1135 4685 1299 4806 quolibet
1321 4715 1460 4794 coram,
1476 4691 1725 4805 juramentum
1738 4688 1786 4775 do
1802 4687 1964 4778 dicenda
1980 4685 2113 4774 verita·

487 4818 525 4890 tc
545 4799 595 4890 ad
617 4815 787 4890 sanctam
805 4803 876 4890 Dei
889 4833 1057 4912 crucem,
1071 4806 1242 4892 manibus
1263 4807 1510 4923 corporaliter
1530 4807 1678 4912 tactam,
1699 4805 1914 4927 enegimns3
1928 4801 2114 4924 'ipsosque
