4876 5940
992 791 1038 806 ...
1091 751 1265 827 Μ...

326 981 396 1074 per
415 949 646 1040 Meczslaurn
666 952 703 1040 iu
722 962 851 1040 nostro
872 954 1068 1070 presencia
1088 970 1287 1079 acceptas,
1318 953 1415 1044 idern
1434 951 1650 1044 Mocaslnus
1670 984 1717 1042 ec
1736 954 1794 1044 siii
1821 951 1937 1062 liberi,

326 1101 398 1162 nec
418 1101 494 1161 non
513 1101 760 1160 successores
779 1070 944 1190 legittimi
983 1073 1180 1164 restituere
1206 1073 1361 1172 ,dominu
1388 1075 1569 1194 episcopo
1602 1073 1662 1160 uel
1682 1075 1760 1162 suis
1781 1101 1936 1162 succes·

326 1191 476 1280 sonibus
506 1191 737 1280 tenebuntur.
780 1189 899 1309 'Data
927 1188 1028 1308 apud
1051 1198 1169 1279 Bresc
1198 1194 1300 1306 (sic),
1336 1191 1409 1280 ΧΗ
1439 1192 1634 1282 Kalendas
1664 1191 1808 1312 aprilis,
1837 1221 1938 1280 anno

327 1301 740 1400 tremulentus
785 1349 792 1368 ·
1124 1337 1127 1344 ·
1800 1356 1806 1366 -

1032 1445 1243 1662 cunr.

501 1780 779 1878 mortuno,
805 1801 960 1868 uano
985 1780 1137 1870 1326
1165 1783 1258 1868 dte
1283 1722 1354 1870 21
1379 1765 1520 1868 urceo
1546 1783 1757 1868 Martii.

383 1940 387 1950 ¹
437 1947 454 2067 J
539 2063 543 2076 ι
581 1965 903 2064 upnntmnnju
916 1967 1044 2043 uuutu
1057 1967 1141 2043 iton
1156 1967 1240 2064 quot
1253 1968 1393 2060 pronus
1407 1967 1624 2060 praecedentia
1639 1969 1686 2058 (¹).

429 2153 614 2247 Nouerint
638 2160 802 2248 uniuersi
833 2161 1069 2278 presencium
1099 2161 1275 2248 noticiam
1293 2159 1461 2250 babituri:
1511 2158 1628 2276 Quod
1652 2189 1736 2248 cunt
1758 2161 1853 2248 inter
1872 2189 1942 2266 rue,

329 2277 561 2366 Moczslaurn
574 2275 622 2366 de
632 2283 893 2393 Kouoyeczsco
903 2279 985 2392 (sic)
996 2279 1184 2384 heredem,
1196 2295 1303 2400 parte
1318 2281 1367 2368 ab
1383 2311 1467 2388 una,
1479 2295 1515 2368 et
1529 2279 1777 2369 venerabilem
1794 2278 1945 2366 ianri·

330 2413 391 2488 sto
411 2409 554 2516 patrem
576 2397 762 2484 dominum
783 2397 973 2504 Madian,
997 2395 1348 2486 Wladislauiensenr
1369 2401 1607 2517 episcopum,
1622 2415 1730 2516 parto
1750 2429 1796 2488 ex
1816 2397 1945 2502 altera,
2028 2407 2030 2414 '

330 2547 447 2635 snper
474 2513 681 2604 hereditate
712 2521 887 2604 Celeslu‘ci
912 2531 949 2604 et
974 2515 1136 2632 quadarn
1167 2532 1271 2604 sorte
1298 2523 1584 2604 Soodr'slowsco
1613 2523 1713 2604 roua
1745 2518 1945 2622 nominata,

263 2737 266 2746 ,
295 2726 300 2734 ,
331 2651 413 2726 orta
433 2649 536 2723 esset
556 2636 708 2723 materia
729 2635 951 2752 questionis;
982 2633 1132 2720 tandem
1153 2634 1203 2722 ad
1223 2664 1345 2722 meam
1364 2665 1543 2722 reuersus
1563 2635 1837 2723 conscienciam
1863 2663 1948 2720 cunr

330 2755 476 2873 prelato
495 2753 697 2862 venerabili
717 2768 823 2871 patre
844 2782 958 2870 super
973 2750 1079 2839 dictis
1099 2751 1304 2842 hereditate
1325 2769 1362 2840 et
1381 2749 1502 2859 sorte,
1533 2767 1714 2872 perpetuo
1736 2751 1947 2840 concorda·
1989 2797 1997 2812 ·

222 2899 226 2916 '
331 2905 387 2980 ur,
403 2875 521 2992 ipsunt
544 2889 580 2960 et
599 2901 845 2982 successores
866 2902 958 2960 suos
979 2872 1180 2990 quietando
1196 2873 1250 2960 ab
1271 2874 1381 2978 onrni,
1403 2901 1477 2998 que
1498 2873 1606 2958 michi
1627 2901 1694 2958 seu
1710 2872 1802 2959 meis
1823 2869 1948 2957 liberis
2070 2947 2081 2966 .,

333 3023 379 3082 ac
400 2992 586 3111 legittimis
608 2992 893 3080 successoribus
914 3021 1028 3108 super
1049 2993 1117 3078 biis
1138 2993 1322 3108 competit,
1343 2995 1507 3097 actione,
1527 2991 1773 3079 renunceians
1798 3002 1948 3086 conuu-

332 3111 467 3200 nersiis
483 3109 715 3228 quibuslibet,
736 3111 883 3228 publice
902 3139 1163 3230 recognosco:
1195 3111 1298 3231 quod
1318 3141 1341 3198 n
1361 3110 1477 3200 lelicis
1497 3109 1778 3198 recordacionis
1800 3108 1950 3198 domino

333 3227 559 3336 Gerwerdo,
581 3229 855 3350 predecessore
876 3231 1053 3317 nominati
1075 3225 1213 3318 donnini
1234 3231 1421 3350 episcopi,
1443 3259 1513 3348 pro
1535 3227 1667 3316 eadem
1688 3227 1894 3317 hereditate
1914 3241 1951 3316 et

334 3365 437 3441 sorte
458 3350 649 3468 recepisse
669 3363 840 3468 patruum
860 3377 984 3464 meum
1006 3349 1201 3436 Creslaunr
1223 3351 1421 3468 sexaginta
1443 3379 1592 3436 marcas
1613 3347 1849 3436 thoruneusis
1869 3376 1951 3434 rno-

335 3483 440 3576 nete,
472 3497 567 3588 quas
588 3499 658 3586 pro
679 3497 748 3558 sua
769 3469 885 3587 ipsius
907 3467 1121 3586 captiuitata
1142 3471 1363 3588 assignauit.
1413 3466 1502 3588 Ego
1523 3469 1640 3554 eciam
1657 3467 1706 3554 nb
1727 3466 1860 3554 eodem
1880 3465 1951 3553 du·

335 3589 433 3675 utino
454 3588 596 3676 Mathia
617 3588 818 3706 episcopo,
851 3588 1001 3705 triginta
1022 3615 1171 3674 marcas
1192 3587 1289 3674 dicte
1310 3603 1458 3674 monete
1477 3617 1549 3706 pro
1570 3586 1726 3705 bijsdem
1747 3584 1953 3699 hereditate

336 3721 373 3795 et
399 3721 502 3796 sorte
531 3708 674 3822 recepi,
705 3709 923 3825 promittens
953 3705 1123 3825 s'epelato
1145 3705 1295 3794 donnino
1317 3705 1457 3794 Mathia
1480 3721 1516 3794 et
1545 3703 1833 3793 successoribus
1861 3705 1950 3807 suis,

336 3824 491 3944 quodsi
513 3828 692 3945 quispiam
715 3855 879 3912 rneoruur
901 3827 1104 3914 amicorum
1125 3857 1192 3912 seu
1214 3827 1603 3948 consanguineorum,
1630 3823 1749 3912 dictas
1769 3822 1952 3910 beredita-

336 3959 409 4034 tcrn
431 3959 467 4034 et
488 3955 625 4033 sortem
648 3947 801 4033 euicerit
820 3945 869 4033 ab
889 3943 1042 4051 andern,
1073 3957 1161 4031 tunc
1182 3974 1259 4064 ego
1280 3961 1316 4033 et
1337 3955 1585 4034 successores
1606 3945 1676 4030 rnei
1700 3941 1877 4062 legittimi,
1902 3937 1951 4027 ad

337 4063 540 4152 soluendus
559 4065 716 4179 'triginta
742 4091 891 4152 marcas
916 4063 1324 4181 predictae,·volurnus
1354 4062 1609 4150 incuitabiliter
1637 4059 1814 4178 obligari3
1845 4087 1953 4146 sexa·

337 4185 441 4304 ginta
461 4211 553 4268 uero
575 4175 723 4270 marcas
744 4182 972 4290 antedictas,
1004 4211 1076 4302 que
1098 4181 1197 4270 dicto
1217 4197 1351 4299 patruo
1374 4210 1457 4270 uteo
1478 4183 1642 4284 lucrant,
1673 4193 1783 4296 prout
1802 4179 1952 4296 premit·

337 4303 440 4405 titur,
471 4301 684 4418 assignate,
717 4302 912 4418 propinqui
943 4301 1001 4386 uel
1033 4301 1253 4417 quicumque
1277 4311 1453 4418 repentes
1474 4301 1557 4412 (sic)
1578 4312 1615 4384 ct
1636 4301 1851 4385 euincuntes
1875 4297 1953 4384 sol·

338 4450 428 4509 uere
449 4421 680 4507 tenebuntur.
741 4418 782 4504 ln
804 4420 909 4504 cuius
936 4419 989 4504 rei
1011 4417 1254 4526 euidenciaut,
1274 4418 1511 4538 presentibus
1533 4448 1653 4504 meum
1675 4418 1705 4504 si
1737 4416 1836 4504 illurn
1854 4415 1954 4504 volui

338 4535 538 4660 applicare
584 4527 697 4624 'Data
728 4538 762 4623 in
785 4541 907 4640 Brest,
927 4535 1000 4624 Xll
1020 4533 1215 4624 Kalendas
1243 4535 1383 4656 aprilis,
1409 4567 1511 4628 anno
1533 4535 1670 4629 donnini
1694 4447 1752 4626 di
1775 4533 1954 4626 CCCXX

339 4673 458 4748 sexto.
543 4695 546 4702 ·
601 4707 605 4716 .
744 4695 746 4701 ·
1203 4701 1206 4708 ·
1342 4690 1345 4700 ·
1450 4709 1453 4716 »
1911 4697 1915 4704 ’

441 4825 480 4908 u)
501 4827 548 4894 ax
561 4781 722 4913 cronopi
736 4825 966 4894 mentonem
980 4823 1254 4910 connotantur
1272 4819 1689 4910 wtnounemasrguus
1703 4775 1826 4893 uteru
1841 4824 1954 4890 ermae

339 4910 469 4996 taenioln
485 4931 664 5002 pergameno
680 4929 844 4998 appensnrn
860 4909 978 4997 penitus
992 4909 1184 4977 destructum.
1595 4937 1599 4948 ·
1800 4922 1807 4934 ·
