4876 5940
1009 801 1054 818 -
1088 761 1179 836 ’ΜΤ
1234 797 1279 816 -
1352 761 1363 814 ’·

338 955 483 1050 dederit
514 956 663 1079 quilibet
691 959 896 1049 locatorum
925 961 1004 1050 suis
1029 961 1173 1051 colonis
1202 961 1252 1052 de
1281 962 1380 1050 scire
1404 962 1487 1074 (sic)
1517 959 1656 1052 domini
1676 961 1856 1082 Episcopi
1864 963 1879 1070 ’,·
1906 979 1945 1054 ut

338 1077 450 1184 sciat,
469 1094 609 1197 quanto
626 1094 792 1196 tempore
812 1077 900 1168 dcta
920 1079 965 1166 sit
986 1078 1154 1168 libertas:
1175 1081 1338 1170 similiter
1358 1072 1407 1169 de
1427 1080 1589 1200 quolibet
1610 1111 1742 1170 manso
1763 1081 1944 1202 duringo

338 1195 505 1286 soluetur
535 1198 760 1286 tantumdem
781 1198 968 1316 perpetuis
988 1201 1216 1316 temporibus
1236 1201 1272 1288 in
1293 1200 1462 1304 loturum,
1491 1199 1695 1288 secundum
1726 1199 1876 1288 modum
1907 1216 1945 1292 ot

337 1317 493 1406 formam
513 1316 750 1434 supradictos
767 1315 859 1428 (sic).
884 1315 1008 1430 Quam
1026 1313 1213 1424 decinam,
1223 1317 1444 1406 soluendam
1466 1320 1582 1436 siper
1601 1347 1799 1406 censuram
1819 1318 1944 1408 eccle-

329 1438 526 1526 'siasticanr
547 1437 699 1555 exigere
727 1465 801 1522 non
821 1437 983 1553 poterint
1002 1464 1085 1522 cum
1107 1437 1264 1538 ellectu,
1297 1433 1378 1525 Nos
1399 1435 1585 1556 Magister
1605 1451 1643 1524 et
1663 1439 1798 1526 iratres
1819 1437 1944 1555 predi·

235 1663 239 1670 Ι
337 1557 385 1644 cti
405 1557 520 1673 ipsae,
541 1569 580 1642 ut
600 1553 762 1642 obtineat
783 1553 865 1665 (sic)
887 1554 1105 1658 iuuabimus,
1127 1585 1211 1642 cum
1231 1557 1408 1653 fuerimus
1421 1557 1597 1676 requisiti.
1618 1551 1758 1644 Verum
1782 1570 1945 1676 quatuor

337 1675 431 1778 ville,
446 1673 617 1762 videlicet
630 1678 798 1787 Sinpter,
814 1679 1058 1780 Sclodeloue,
1082 1677 1239 1788 Gordyo
1267 1687 1305 1760 et
1322 1679 1479 1764 &encre
1508 1682 1767 1764 theutom'oolis
1782 1673 1841 1789 (2)
1862 1677 1943 1788 (sic)

336 1793 518 1882 decimam
539 1793 688 1880 soluant
707 1789 903 1880 duodecim
919 1794 1025 1882 annis
1047 1795 1241 1901 continuis,
1261 1792 1637 1912 adatapresencium
1653 1795 1943 1884 coobnuecom·

334 1911 518 2033 putandis,
538 1911 631 2000 sicul
652 1924 761 1998 antea
784 1910 1056 2028 persoluebunt
1093 1910 1242 2028 Quibus
1262 1915 1369 2002 anub
1390 1915 1539 2033 clapsis,
1559 1913 1609 2000 de
1628 1911 1792 2030 quolibet
1810 1943 1943 2001 manso

335 2048 413 2120 tres
432 2029 538 2134 scoti,
560 2029 656 2116 siout
675 2027 723 2116 de
743 2028 836 2151 alijs,
856 2029 1055 2132 decetero
1074 2045 1254 2149 perpetuo
1275 2032 1545 2150 persoluentur.
1577 2029 1660 2122 Nos
1681 2034 1842 2150 insuper,
1862 2061 1943 2120 rua·

336 2151 455 2270 gister
481 2164 518 2236 et
536 2149 670 2236 iratres
689 2150 831 2266 prelati,
853 2149 1021 2239 volentes
1041 2149 1160 2240 eidem
1189 2151 1339 2240 domino
1366 2153 1565 2271 episcopo,
1597 2151 1675 2238 suis
1695 2151 1887 2238 canonicis
1908 2165 1944 2240 et

336 2268 497 2358 ecclesie
525 2297 594 2358 sue
620 2267 758 2388 aliquid
788 2269 928 2357 fauoris
961 2283 999 2357 et
1017 2271 1185 2366 amicicie
1213 2271 1426 2386 specialiter
1453 2271 1640 2376 exhibere,
1661 2285 1698 2358 ct
1718 2269 1958 2358 celebratam*

335 2389 430 2476 inter
451 2415 522 2476 nos
542 2386 783 2474 concordiam
803 2386 928 2506 dignis
948 2387 1115 2476 karitatis
1136 2386 1279 2504 indioijs
1299 2389 1336 2476 in
1357 2419 1474 2508 opere
1494 2389 1707 2493 declarare,
1734 2390 1856 2508 ipsum
1876 2387 1944 2480 do·

335 2506 471 2594 minum
492 2505 710 2624 episcopum
730 2535 813 2592 oum
834 2505 938 2592 clerc
958 2535 1041 2612 suo,
1062 2505 1173 2612 bona,
1194 2505 1301 2594 villas
1321 2521 1359 2594 et
1378 2509 1643 2624 possessiones
1663 2507 1830 2624 ipsorum
1849 2507 1942 2598 sitos

222 2707 225 2718 .
335 2624 501 2714 interris
521 2621 656 2710 dicioni
676 2638 805 2712 nostre
826 2622 1020 2742 temporali
1040 2623 1237 2728 subiectis,
1256 2625 1293 2714 in
1313 2626 1480 2714 nostram
1500 2626 1778 2744 protecoicnem
1799 2626 1932 2742 rccipi-

335 2773 418 2832 mus
439 2741 658 2861 specialem,
683 2741 789 2861 ipsos
810 2757 1049 2830 manutenere
1086 2754 1124 2828 et
1143 2756 1350 2862 protegere
1382 2745 1418 2830 in
1439 2741 1580 2831 eisdem
1610 2772 1679 2862 pro
1700 2743 1839 2830 nostris
1857 2743 1941 2832 viri·

335 2863 407 2952 bus
426 2862 628 2980 cupientes,
644 2893 691 2954 ne
710 2861 759 2948 ab
779 2861 903 2978 aliquo
924 2859 1202 2978 perturbentur3
1218 2861 1267 2950 dc
1287 2862 1369 2980 alijs
1388 2891 1480 2950 uero
1500 2859 1609 2950 bonis
1630 2861 1791 2950 ecclesie
1807 2859 1943 2950 wladi-

335 2981 532 3071 slauiensis
551 2979 729 3097 predicte,
751 2980 820 3066 sub
841 2980 1048 3068 dicionibus
1068 2979 1223 3068 aliorum
1244 2983 1447 3100 principum
1469 2980 1693 3084 constitutis,
1714 3011 1761 3068 ne
1781 3011 1850 3099 per
1869 3009 1942 3072 nos

335 3101 393 3192 vel
415 3111 567 3189 nostros
587 3097 766 3196 ledantur,
789 3099 1063 3215 prohibebimus
1085 3111 1122 3186 et
1142 3099 1370 3205 carebimus,
1386 3102 1421 3188 ic
1434 3115 1609 3218 quantum
1620 3099 1824 3218 poterimus
1839 3098 1943 3190 bonu

334 3219 425 3326 lide,
451 3218 541 3306 lnsu
567 3248 610 3306 er
629 3215 712 3306 Nos
727 3216 912 3338 Magister
933 3231 970 3304 et
988 3219 1122 3306 iratres
1142 3218 1345 3336 supradicti
1361 3219 1530 3306 volumus
1547 3217 1823 3322 mendicamus,
1866 3217 1940 3308 ucd

335 3340 500 3458 prelatus
529 3247 925 3456 dbminusepiscopus
954 3336 1071 3440 bona,
1095 3339 1364 3456 possessiones
1391 3351 1427 3426 et
1457 3336 1562 3426 villas
1588 3365 1680 3426 suas
1715 3353 1753 3424 et
1780 3249 1943 3426 ecclesie

335 3489 415 3564 sue,
435 3457 472 3547 in
491 3471 591 3544 terra
610 3456 835 3544 Pomeranie
854 3455 962 3544 nobis
983 3457 1150 3544 subiecto
1170 3457 1262 3568 (sic),
1284 3457 1457 3546 eteniam
1477 3457 1514 3544 in
1534 3456 1614 3544 aliis
1635 3456 1827 3573 territoriis
1848 3485 1956 3544 nus-¹

336 3578 401 3664 tris
421 3589 626 3694 occupatas
655 3606 723 3694 per
743 3605 1017 3694 quoecumque,
1044 3606 1091 3664 ex
1111 3607 1211 3664 nunc
1239 3573 1354 3678 libere
1383 3573 1575 3681 rehabeat,
1606 3589 1731 3664 teneat
1760 3590 1796 3663 et
1815 3573 1939 3694 possi·¹

283 3713 287 3720 “
336 3694 425 3786 deat
445 3725 527 3783 oum
549 3696 646 3783 omni
666 3693 745 3780 iure
767 3695 1015 3814 proprietatis,
1036 3695 1290 3814 possessionis
1311 3708 1348 3781 et
1367 3693 1516 3812 dominij
1528 3761 1538 3797 ,
1558 3693 1774 3806 honoribus,
1795 3692 1941 3782 iurisdi-

336 3815 444 3906 cione
464 3829 500 3902 et
519 3815 753 3934 pertinencijs
775 3814 863 3918 suis,
885 3813 1102 3902 sicutantea
1122 3811 1218 3902 idem
1240 3813 1411 3901 dominus
1430 3811 1643 3932 Episcopus
1664 3825 1701 3900 et
1720 3827 1940 3900 antecesso-

335 3964 399 4022 res
420 3933 478 4024 sui
506 3963 552 4020 ac
573 3923 733 4021 ecclesia
763 3931 1074 4022 wladislaoiensis
1103 3931 1262 4050 pacifice
1289 3933 1513 4038 habuerunt,
1543 3944 1739 4020 tenuerunt
1760 3945 1804 4016 'et
1824 3929 1941 4016 libere

232 4051 237 4064 '
336 4081 383 4141 ao
404 4052 527 4173 quiete
554 4051 813 4169 possederunt.
860 4051 937 4140 Sed
958 4053 1160 4171 percepcio
1189 4081 1367 4139 censuum
1395 4066 1431 4138 et
1450 4063 1692 4168 prouentuum
1723 4044 1940 4135 eorumdem

335 4171 518 4262 bonorum
538 4186 686 4256 maneat
714 4173 751 4256 inw
770 4196 978 4288 suspenso,
1004 4169 1127 4257 donec
1147 4169 1318 4256 dominus
1339 4171 1540 4286 episcopos
1561 4165 1773 4284 sepedictus
1798 4164 1940 4253 litteras

336 4321 426 4380 suas
447 4303 484 4376 et
504 4287 649 4406 capituli
679 4289 735 4373 sui
764 4317 878 4405 super
907 4287 978 4373 hac
1014 4287 1258 4376 ordinacione.
1276 4286 1396 4391 debit,
1429 4301 1465 4373 et
1484 4285 1623 4374 litteras
1644 4282 1941 4372 confirmacionis

336 4409 529 4500 adominc
549 4405 845 4522 Archiepiscopo
867 4403 1091 4494 Gnesoiensi
1112 4405 1194 4518 (sic)
1215 4420 1250 4494 et
1277 4435 1346 4492 suo
1367 4405 1547 4524 capitolo,
1580 4403 1776 4490 roboratas
1808 4403 1940 4522 sigillis
2081 4509 2084 4514 ¹

318 4559 477 4636 eorum,
498 4539 607 4640 prout
626 4527 741 4612 cicius
761 4525 904 4642 poterit,
925 4523 1120 4643 inpetrabit
1139 4539 1176 4612 et
1196 4521 1383 4645 Magistro
1400 4539 1436 4612 et
1455 4523 1628 4612 iratribus
1648 4523 1875 4642 presentabit
1895 4590 1905 4608 .
1927 4591 1937 4610 .

436 4748 477 4834 (²)
491 4743 609 4834 Sloocr,
623 4743 688 4809 vitta
702 4741 843 4810 territorii
857 4741 1094 4894 Kwidzpnensis,
1100 4741 1229 4830 regionis
1236 4741 1411 4842 dulmensis
1428 4739 1745 4844 Scledelocciortusse
1760 4740 1938 4827 Stcblcwitz,

336 4831 409 4986 pppgp
419 4833 452 4984 iip¹
462 4827 846 4984 pppicplppso'potppplgloncr
860 4829 950 4902 sita;r
979 4831 1066 4917 iquuo
1080 4829 1187 4896 ambae
1204 4827 1298 4906 villae,
1308 4827 1419 4920 scrlroct
1433 4822 1560 4915 Smplcr
1574 4836 1604 4896 et
1624 4823 1748 4915 Gor-dyo
1762 4850 1822 4895 noc
1838 4847 1938 4894 occun
1952 4919 1953 4924 ἵ
