4878 5942
1043 770 1093 810 .-
1149 719 1220 805 arr
1281 771 1321 783 -
1441 691 1444 700 ’

376 932 496 1042 dicto,
525 929 669 1022 herede
688 926 737 1018 de
760 935 939 1036 Porzicz,
967 927 1053 1018 villa
1085 929 1141 1019 sic
1161 929 1260 1019 dicta
1282 932 1352 1019 sita
1374 929 1410 1018 in
1432 945 1533 1018 terra
1555 929 1770 1022 lanciciensi
1791 927 1869 1044 (²),
1891 963 2004 1022 acce·
2157 949 2160 958 “

382 1051 478 1142 deus
499 1081 594 1140 sana
615 1064 740 1138 mento
760 1063 797 1138 et
817 1077 980 1167 corpore
1001 1078 1049 1135 ac
1068 1050 1238 1155 racione,
1259 1080 1336 1138 non
1358 1049 1572 1166 compulsa,
1594 1081 1666 1138 nec
1687 1066 1844 1156 coacta,
1865 1051 1935 1140 sed
1957 1051 2008 1140 da

377 1198 482 1258 mera
501 1182 616 1289 atque
637 1164 851 1257 omnimoda
873 1166 1034 1254 omnium
1054 1197 1208 1255 suorum
1230 1170 1434 1255 amicorum
1452 1167 1649 1274 wluntate,
1672 1183 1820 1257 maturo
1836 1169 2006 1276 consilio,

381 1317 430 1376 ac
451 1285 730 1376 deliberacione
751 1284 962 1402 prehabito,
992 1315 1155 1374 assensu
1204 1315 1273 1372 uro
1294 1301 1330 1373 et
1347 1296 1543 1376 consensu
1563 1285 1748 1388 adhibito,
1779 1288 1904 1376 villam
1926 1287 2006 1376 dic·
2078 1265 2105 1392 l

380 1418 455 1492 tam
484 1410 813 1494 Oszrzirszouiozc
843 1404 950 1490 sitam
984 1404 1021 1490 in
1050 1417 1152 1491 terra
1173 1317 1388 1492 llrnciciensi
1409 1401 1487 1516 (³),
1519 1435 1630 1522 quarn
1652 1406 1733 1491 iure
1754 1403 1917 1524 dotalicij
1940 1405 2007 1494 ho·

379 1521 573 1628 reditarie,
604 1521 764 1640 pacifice
793 1520 1029 1640 possidebat,
1060 1552 1144 1610 cum
1177 1519 1583 1611 omnibus'utilitatibus
1604 1535 1643 1609 et
1663 1523 1813 1628 usibuS,
1843 1523 1894 1610 ad
1916 1555 2007 1612 ean-

379 1640 465 1729 dem
494 1639 781 1760 pertinentibus,
848 1655 933 1727 rout
964 1641 1000 1726 in
1030 1641 1109 1726 suis
1138 1642 1246 1729 metis
1273 1669 1321 1726 ac
1348 1642 1514 1728 terminis
1536 1641 1929 1730 circumferencialiter
1949 1654 2009 1730 est
2112 1728 2113 1732 Ν

379 1757 502 1847 locata
524 1774 559 1846 et
581 1758 774 1862 distincta,
804 1670 957 1845 cllrmino
977 1754 1130 1864 Mathie,
1151 1759 1336 1846 canonico
1364 1758 1603 1866 lanciciensi,
1633 1789 1801 1849 necnon
1853 1789 2009 1849 armano

380 1906 450 1964 suo
471 1875 647 1981 Andree,
679 1875 742 1993 qui
772 1876 1085 1993 cognominentur
1117 1877 1200 1989 (sio)
1237 1875 1469 1964 Czicbrones
1494 1893 1531 1965 et
1552 1906 1682 1966 eorum
1702 1790 1924 1984 heredllus,
1955 1879 2008 1966 le-

379 1995 608 2113 gittimisque
629 1993 938 2099 successoribus,
969 1993 1137 2101 uendidit
1157 1994 1330 2082 beniuole
1351 2010 1389 2083 et
1408 1993 1559 2084 tradidit
1579 2025 1707 2084 coram
1728 1995 1867 2084 iudicio
1888 1996 2009 2085 domi-

382 2113 417 2198 ni
437 2111 562 2232 Regis
592 2141 640 2200 ac
667 2111 892 2230 resigoauit,
924 2112 1035 2200 nichil
1063 2114 1166 2222 iuris,
1182 2129 1219 2202 et
1244 2113 1399 2230 dominij
1422 2113 1470 2200 in‘
1489 2112 1621 2200 eadem
1643 2143 1713 2231 pro
1735 2145 1778 2202 se
1799 2130 1836 2202 et
1856 2116 1935 2204 suis
1955 2115 2009 2201 le-

380 2231 532 2348 gittimis
561 2230 852 2318 successoribus
879 2231 1026 2349 penitus
1056 2231 1307 2335 reseruando,
1349 2261 1419 2349 pro
1441 2246 1590 2320 centum
1610 2231 1748 2320 marcis
1783 2262 2010 2352 grossorum

382 2346 997 2467 pragensium,llLVlll⁰grossos
1014 2377 1083 2464 pro
1100 2349 1265 2467 qualibet
1281 2379 1409 2436 marca
1426 2363 1665 2465 computatos
1677 2349 1771 2461 (sic),
1783 2351 1874 2467 ipsis
1890 2367 1930 2439 et
1943 2381 2010 2441 eo·
2084 2311 2097 2419 l

382 2496 462 2552 rum
485 2465 687 2554 heredibus
708 2464 896 2583 legittimis
917 2479 1099 2584 perpetue
1119 2465 1335 2571 valituram,
1356 2479 1394 2552 et
1412 2464 1463 2556 ad
1484 2495 1576 2553 suos
1596 2497 1688 2554 usus
1704 2469 2011 2574 connectendam,

382 2583 618 2687 donandam,
640 2582 876 2670 vendendam
899 2598 936 2670 et
956 2583 1280 2688 commutandam,
1301 2586 1404 2671 iuxta
1424 2582 1527 2700 quod
1550 2583 1605 2670 eis
1625 2597 1662 2671 et
1682 2613 1812 2672 eorum
1834 2585 2013 2703 legittime

383 2703 591 2818 posteritati
612 2697 797 2788 videbitur
817 2701 938 2788 utilius
958 2699 1149 2816 expedire.
1206 2700 1323 2816 Quod
1344 2702 1376 2788 si
1397 2700 1564 2789 lllatbias
1586 2713 1622 2788 et
1641 2699 1820 2789 Andreas
1842 2703 2011 2819 predicti,
2149 2749 2158 2759 ·

383 2817 443 2908 vel
478 2849 609 2908 eorum
645 2819 811 2937 legittimi
842 2848 1103 2926 successores,
1124 2850 1194 2937 per
1222 2821 1434 2939 quempiam
1463 2821 1563 2906 iuxta
1584 2817 1891 2908 consuetudinem
1912 2833 2012 2908 terra

382 2968 499 3056 super
519 2935 652 3026 eadem
673 2933 880 3024 hereditate
900 2933 950 3022 ad
970 2935 1144 3024 iudicium
1160 2938 1295 3027 luerint
1309 2940 1416 3027 tracti
1433 2939 1469 3026 in
1484 2965 1640 3026 causam
1655 2936 1887 3045 asserendo,
1909 2938 2012 3059 quod

384 3055 483 3144 dicta
517 3053 706 3144 hereditas
741 3054 843 3143 titulo
865 3053 1115 3174 obligacionis
1151 3087 1221 3175 per
1250 3056 1388 3144 dictam
1415 3055 1619 3176 Agletham
1645 3071 1684 3143 et
1704 3055 1872 3143 maritum
1894 3059 2013 3175 ipsius

384 3175 515 3265 luisset
536 3201 744 3294 possessa,
779 3173 948 3294 promisit
967 3173 1091 3290 itaque
1113 3173 1213 3263 dicta
1229 3173 1396 3294 Agletha
1417 3205 1489 3264 suo
1510 3205 1595 3262 cum
1617 3174 1771 3281 marito,
1798 3174 2013 3294 obligantes

385 3295 504 3382 eciam
525 3323 618 3382 suos
639 3319 905 3398 successores,
926 3321 998 3412 pro
1019 3291 1162 3380 lllathia
1183 3309 1220 3382 et
1241 3291 1395 3382 Andrea
1416 3322 1624 3412 eorumque
1644 3293 1936 3396 successoribus
1960 3293 2012 3381 lc-

385 3413 537 3533 gittimis
564 3409 702 3500 iudicio
733 3411 832 3517 sisti,
866 3424 904 3498 et
931 3413 1106 3500 euincere
1126 3409 1284 3500 eandem
1306 3409 1567 3518 hereditatem,
1591 3409 1787 3528 predictos
1808 3441 2013 3530 eurumque

385 3560 635 3620 successores
655 3527 858 3649 legittimus
878 3527 1071 3618 redendos
1101 3529 1184 3644 (sic)
1216 3529 1450 3647 indempnes.
1504 3525 1590 3616 Nos
1611 3530 1740 3648 itaque
1761 3528 1899 3616 dictam
1920 3561 2014 3618 vcn-

386 3649 570 3738 dicionem
601 3661 639 3736 ct
666 3649 973 3767 resignacionem
1001 3648 1121 3736 taliter
1148 3649 1217 3736 rite
1247 3649 1384 3736 lectam
1425 3661 1546 3736 ratam
1582 3661 1620 3736 et
1639 3663 1788 3768 gratam
1809 3648 2013 3756 habenteS,

386 3767 623 3885 presentibus
652 3767 793 3854 nostris
822 3767 958 3875 literis,
989 3765 1099 3886 sigilli
1128 3767 1245 3856 nostri
1273 3767 1597 3884 subappensione,
1630 3767 1855 3884 testiumque
1876 3767 2013 3854 suban-

368 3885 606 4000 ¹uulacione,
642 3883 920 3982 confirmamus.
981 3883 1118 3972 Actum
1148 3903 1186 3974 et
1214 3885 1341 3974 datum
1370 3891 1566 3992 bunone,
1597 3899 1705 3972 sexta
1728 3884 1821 3970 leria
1841 3884 2013 3999 proxima

386 4019 475 4125 post
495 4002 723 4091 dominicam
743 3999 961 4111 lnuocauit,
982 4031 1085 4091 anno
1106 4002 1246 4091 domini
1267 4005 1462 4092 millesimo
1484 4001 1749 4090 trecentesimo
1770 4003 2015 4119 sexagesimo

388 4122 518 4210 tercio.
578 4120 823 4208 Presentibus
843 4120 915 4238 hijs
935 4120 1109 4214 testibus:
1130 4121 1306 4234 lohannc
1326 4119 1523 4236 pallatino,
1545 4115 1818 4205 Bartholomoo
1840 4119 2014 4208 castella·

386 4271 453 4344 uo,
475 4237 705 4328 Wszeboric
727 4237 923 4355 pincerna,
946 4235 1171 4325 Wlodimiro
1192 4237 1404 4343 subindice,
1425 4236 1585 4354 Phillipo
1607 4234 1911 4344 subcamerario‚
1932 4234 2013 4324 Bo·

383 4357 550 4448 dzantha
581 4355 835 4444 Thezaurario
863 4369 996 4443 nostro
1017 4356 1315 4461 lanciciensibus,
1336 4371 1373 4444 et
1393 4355 1539 4442 notario
1562 4353 1767 4442 Salomone
1787 4353 2014 4462 lanciciensi,

387 4481 448 4596 qui
469 4477 554 4566 tolia
575 4475 703 4565 babuit
723 4475 759 4562 in
781 4475 1004 4576 commisso,
1026 4489 1064 4562 ct
1082 4473 1166 4592 alljs
1186 4503 1298 4593 quam
1320 4471 1488 4595 pluribus
1508 4471 1585 4560 lide
1606 4470 1743 4591 dignis.
1772 4513 1777 4520 ·

437 4775 441 4781 “
491 4781 515 4862 (²
560 4777 692 4862 Puszyee
705 4775 774 4843 villa
789 4777 820 4842 in
835 4776 988 4843 territorio
1002 4774 1189 4844 Lanciciensi
1201 4775 1325 4860 regione
1339 4775 1524 4862 Zgiersccnsi
1540 4775 1607 4842 sita.

348 4923 350 4927 .
381 4901 385 4906 -
491 4863 516 4946 (θ
560 4861 725 4928 Orsum
739 4861 807 4929 villa
822 4862 963 4930 territorii
977 4870 1009 4930 ct
1023 4861 1153 4947 regionis
1163 4861 1376 4929 Lanciciensis.
1458 4873 1461 4888 ¹
