4876 5940
1113 748 1387 823 ..rpo-

436 966 474 1040 ct
488 949 690 1040 seminibus
707 948 952 1070 resignando,
972 947 1023 1035 ud
1039 932 1271 1039 solucionem
1293 951 1411 1038 eciam
1432 963 1696 1068 perceptorum
1717 951 1913 1058 fructuum,
1934 953 2067 1072 gracie

436 1068 592 1190 predicti
612 1067 751 1160 domini
771 1069 940 1186 episcopi
961 1097 1022 1154 me
1041 1070 1229 1158 submitto.
1265 1069 1426 1187 Insuper
1444 1097 1514 1185 pro
1533 1070 1709 1157 frutribus
1729 1071 1823 1158 meis
1844 1085 1882 1157 et
1901 1099 2067 1159 nouerou

435 1217 520 1276 meo
539 1189 731 1305 promitio,
764 1185 866 1306 quod
888 1187 987 1274 hono
1006 1187 1307 1293 ordinacionem,
1340 1217 1451 1306 quem
1472 1216 1548 1306 ego
1569 1188 1687 1292 isoio,
1719 1187 1978 1275 inuiolabiliter
1998 1190 2067 1278 ob·

435 1305 652 1394 serunbunt.
704 1303 905 1396 Predictus
931 1335 1024 1393 uero
1054 1305 1227 1395 dominus
1249 1306 1453 1422 episcopus
1474 1322 1616 1422 putrem
1638 1335 1761 1392 meum
1793 1319 1831 1391 et
1851 1335 2068 1410 nouercam,

330 1420 331 1432 '
434 1424 686 1511 usentencio·
706 1424 1110 1512 excommunicacionis
1139 1424 1321 1530 absoluit,
1353 1453 1464 1540 quem
1493 1437 1648 1542 propter
1677 1426 1959 1541 possessionem
1981 1425 2069 1516 villo

434 1543 669 1632 incurrerunt
689 1554 905 1644 memorate,
927 1556 964 1628 et
983 1543 1053 1659 ipsi
1074 1543 1171 1660 potri
1191 1572 1277 1631 meo
1297 1543 1370 1628 iam
1392 1541 1568 1629 defuncto
1590 1541 1885 1629 ecclesiasticum
1906 1569 2069 1630 conces-

435 1659 482 1748 sit
513 1658 563 1745 de
592 1660 748 1777 speciali
778 1660 910 1779 grecis
936 1661 1178 1776 sepulturum.
1229 1660 1350 1746 Facta
1371 1661 1458 1746 sunt
1477 1673 1600 1747 outoni
1622 1660 1694 1746 hec
1715 1660 2069 1762 corumuenerubiii

433 1791 543 1895 patre
563 1789 599 1863 et
621 1775 793 1882 domiuo,
824 1778 938 1864 irctre
967 1777 1166 1865 Dominioo
1194 1777 1439 1864 Mecholiensi
1460 1777 1543 1890 (sic)
1574 1781 1770 1898 episeopo.
1822 1778 2070 1866 Prcseutibus

435 1893 615 1982 dominis:
646 1893 834 1981 Michoeie
863 1897 1056 2014 preposito
1086 1895 1351 1996 crusuioieusi,
1380 1893 1554 1982 iohanne
1580 1895 1850 1984 archidiacono
1876 1896 2068 2014 stuipeusi,

434 2009 651 2103 Theodrico
671 2011 940 2100 archidiacono
961 2013 1226 2116 cmsuieieosi‚
1256 2011 1429 2099 iohanne
1476 2013 1611 2100 lebeuc
1633 2013 1681 2101 de
1704 2013 1899 2120 Gruoznu,
1930 2027 1967 2101 et
1987 2013 2070 2129 eliis

435 2158 548 2246 quom
575 2127 743 2244 pluribus
768 2127 845 2215 lide
865 2130 1012 2249 dignis,
1043 2159 1201 2247 quorum
1223 2131 1341 2216 eciam
1363 2043 1485 2248 sigilio
1506 2161 1579 2218 uno
1602 2161 1686 2217 cum
1707 2159 1811 2234 meo,
1843 2131 1894 2217 cd
1915 2130 2069 2219 euiden-

436 2245 533 2332 cinm
564 2246 788 2361 pleniorem,
820 2247 1056 2362 presentibus
1076 2247 1190 2334 literis
1211 2261 1294 2334 sunt
1317 2247 1504 2334 adiuncto.
1556 2248 1694 2335 Datum
1724 2247 1825 2366 opud
1850 2255 1980 2336 Verere
2002 2247 2068 2362 (⁴),

435 2360 557 2480 pridie
578 2361 776 2450 Kalendas
795 2361 944 2482 Murcij,
964 2393 1065 2453 nuno
1086 2363 1224 2451 domiui
1244 2361 1303 2450 Μο
1325 2364 1443 2453 CCC⁰
1464 2368 1581 2454 tercio
1602 2366 1762 2457 decimo.

537 2610 578 2694 (⁴)
604 2609 708 2678 thow
722 2611 866 2698 oppidum
881 2611 1021 2680 territorii
1043 2613 1204 2678 linwcnsis
1218 2613 1350 2700 regionis
1364 2634 1437 2682 roro
1449 2615 1671 2694 Brzezioensis,
1692 2625 1740 2684 ost
1753 2617 1843 2684 etium
1857 2615 1925 2684 viiic
1938 2615 2068 2695 Jetcrnn

436 2695 567 2781 regionis
583 2693 787 2774 Szubioensrs,
802 2696 945 2778 territorii
960 2697 1193 2784 degosiisnsis.
1721 2745 1723 2751 »

1181 2981 1333 3100 cuti.
1386 3117 1388 3124 y

435 3249 993 3364 decimacionem
1018 3270 1176 3339 amno
1197 3243 1342 3336 ‘1313
1369 3252 1462 3339 die
1487 3253 1571 3340 20
1597 3253 1799 3341 meroris
1824 3191 2093 3366 stuprati*

436 3451 593 3523 lucsco
616 3453 651 3524 ot
670 3449 979 3524 Premtrtrsms
1000 3451 1103 3526 turer
1125 3453 1271 3548 intentu
1293 3457 1329 3527 et
1349 3455 1464 3528 tonici
1485 3455 1707 3532 vtrtirtrriue
1722 3458 1849 3552 turonis
1870 3459 2067 3534 uterentur

436 3551 716 3645 cummium
729 3553 867 3627 moun
880 3555 1027 3628 tuum
1041 3556 1135 3628 nun
1150 3559 1353 3645 humo,
1377 3557 1531 3652 nusum
1545 3577 1639 3650 anor
1654 3559 1794 3654 uuum
1807 3559 1903 3634 uuir
1916 3559 2070 3655 spuens

977 3655 1229 3731 Vtutiucrionri
1243 3655 1470 3752 oppignorans
1483 3663 1531 3747 (¹).

354 3983 357 3992 ³
539 3872 626 3962 Nos
647 3872 787 3965 Lestco
809 3889 847 3962 et
862 3876 1162 3984 Premisiiusdei
1182 3882 1314 4000 gronio
1336 3881 1455 3970 duces
1472 3885 1640 4002 Cuyouie
1661 3898 1698 3971 et
1713 3881 1849 3992 domini
1868 3869 2071 3974 Wiodislo-

438 3995 500 4082 uie
514 3993 678 4111 juueuis,
693 3993 958 4083 ‘uniuersorum
979 4011 1055 4084 tom
1071 3999 1307 4114 presencium
1323 4029 1435 4116 quom
1450 4003 1656 4090 futurorum
1669 4003 1806 4090 notioie
1821 4001 2071 4110 declaremus,

438 4111 678 4318 presentibus
708 4112 857 4230 publice
871 4127 1157 4318 protestantes:
1219 4115 1295 4202 uod
1324 4120 1545 4207 constitutus
1572 4121 1607 4224 in
1630 4136 1758 4208 nostra
1780 4135 2071 4254 nostrorumque

466 4260 623 4319 erocum
640 4234 850 4346 presencia,
906 4233 1078 4350 hylippus
1090 4232 1173 4344 (sic)
1189 4147 1286 4320 iiius
1305 4233 1488 4354 Mirosiuy
1509 4253 1547 4326 et
1562 4237 1672 4326 heres
1688 4235 1737 4324 de
1751 4243 1962 4353 Loteunylr
1973 4239 2069 4351 (sto),

440 4375 560 4468 egros
588 4347 775 4466 quosdam
804 4348 1020 4440 hereditatis
1051 4349 1220 4439 eiusdem
1249 4359 1469 4456 Latronilr,
1507 4358 1568 4474 qui
1597 4356 1682 4475 egri
1713 4355 1918 4447 extendunt
1946 4365 1990 4445 se
2017 4355 2071 4444 ud

341 4705 349 4712 Ι
543 4610 585 4695 (¹)
611 4613 659 4680 Ex
680 4615 839 4703 urchotypo
859 4617 1092 4688 memmoneceu
1113 4620 1250 4688 ntutuit
1263 4620 1393 4710 capituli
1414 4619 1681 4690 Wtudisiuricosis
1714 4622 1866 4690 Tueniolis
1881 4623 2070 4709 pergamenis

440 4713 575 4780 appenso
596 4699 750 4796 runt'duo
771 4701 883 4786 sigillo,
907 4723 1038 4789 quonum
1062 4704 1146 4802 prius
1171 4705 1295 4772 minoris
1319 4706 1434 4782 iormm
1458 4707 1658 4786 desnuetum,
1682 4707 1831 4794 posterius
1853 4727 1926 4774 vero
1948 4707 2071 4794 majoris

441 4777 559 4878 iormuo
573 4779 664 4878 hropei
678 4803 708 4880 tn
722 4783 823 4850 medio
837 4785 885 4852 sui
899 4793 1018 4854 omnum
1031 4791 1222 4875 urongutcre,
1237 4791 1267 4856 in
1282 4811 1345 4878 quc
1358 4791 1490 4857 effictum
1505 4801 1552 4857 est
1564 4793 1680 4877 insigne
1690 4792 1863 4878 provincius
1873 4791 2071 4879 Cujuriensir,

441 4863 577 4934 udeircut
589 4863 729 4934 mmrdrur
743 4867 790 4935 teo
803 4889 873 4938 oum
886 4870 1010 4938 dimidiu
1024 4873 1133 4960 equile.
1168 4875 1235 4942 Hor
1249 4895 1370 4965 proque
1384 4875 1514 4963 sigillum
1528 4877 1657 4946 muitum
1671 4877 1815 4945 attritum.
