4956 5940
246 1405 253 1418 ·
442 1381 526 1498 aiijs
553 1381 663 1469 terris
692 1379 742 1466 ab
770 1380 924 1498 antiquo
953 1376 1126 1466 distinata
1155 1390 1243 1482 sunt
1262 1393 1299 1467 et

1117 707 1389 786 -346-

441 913 610 1034 stagnis,
640 909 814 1010 laoubus,
843 903 1058 1026 paludibus,
1087 907 1197 1026 aquis
1217 923 1255 997 et
1274 937 1403 995 earum
1424 906 1667 1016 decursibus,
1696 907 1945 1030 omnibusque
1979 909 2062 1030 aiijs

342 1127 345 1134 ,
441 1043 480 1120 et
499 1027 659 1149 singulis
678 1025 932 1144 pertinenoijs,
961 1024 1178 1143 appendijs,
1198 1041 1235 1114 et
1254 1024 1508 1115 usufruotibus
1528 1025 1713 1116 universis
1733 1025 1840 1116 motis
1860 1041 1900 1116 et
1912 1027 2061 1137 fiendis,

440 1153 554 1268 prout
572 1143 728 1234 easdem
748 1144 819 1234 soli
838 1143 1022 1232 tenuimus
1040 1157 1079 1231 et
1097 1142 1337 1261 possedimus
1357 1143 1573 1263 hueusque,
1602 1155 1757 1256 totoque
1775 1145 1858 1262 jure
1886 1160 1925 1234 et
1944 1125 2062 1235 domi,

440 1266 523 1372 uio,
539 1258 725 1382 ¹proutin
753 1263 832 1350 suis
861 1259 1103 1380 grenioiebus
1137 1261 1222 1374 (sio)
1252 1261 1407 1466 loupept
1422 1261 1499 1468 lpte
1528 1259 2063 1467 ⁶Ph⁰ssi¹i³¹¹¹3¹f⁰¹⁰¹¹ff⁸¹i¹f³sflb
2167 1357 2170 1360 ,

442 1496 584 1588 eisdem
605 1495 826 1614 excipiendo
847 1495 907 1582 vei
926 1495 1178 1598 reseruando,
1209 1407 1431 1586 ιιιοηιοὶῗέθει
1444 1407 1596 1584 ‹iiiiiiiroe
1624 1408 2064 1616 digiingegousoo'iltiung

441 1630 520 1706 stre
539 1615 691 1720 demus,
721 1614 967 1720 oouierimus,
989 1625 1027 1702 et
1046 1644 1095 1702 ex
1114 1627 1218 1701 oerta
1238 1628 1371 1702 nostra
1389 1613 1556 1701 soieneia
1574 1613 1836 1733 assignamus,
1856 1615 1921 1702 tali
1939 1629 2064 1706 tamen

441 1731 664 1824 ooudioione
675 1732 885 1822 interiecta:
901 1729 1005 1868 quod
1015 1760 1111 1837 oum,
1121 1731 1300 1820 altissimo
1311 1731 1474 1838 volente,
1489 1757 1562 1820 nes
1571 1731 1743 1819 humanis
1753 1731 1862 1819 eximi
1871 1733 2065 1852 continge

441 1865 518 1958 ret,
547 1851 632 1970 ipsa
652 1849 804 1941 domina
823 1848 977 1968 Regma
997 1861 1129 1938 nostra
1149 1862 1329 1940 consorte
1348 1847 1549 1965 superstite
1567 1859 1797 1956 remanente,
1809 1863 1947 1938 estune
1959 1849 2065 1966 ipsas

441 1968 582 2058 Terras
603 1967 773 2086 Cupauie
793 1978 831 2056 et
855 1965 1016 2070 Russie,
1046 1993 1131 2052 oum
1158 1965 1363 2054 earundem
1392 1963 1565 2054 omnibus
1591 1965 1832 2082 pertinenoijs
1860 1980 1898 2054 et
1915 1966 2066 2084 juribus

441 2083 656 2190 antediotis,
686 2083 786 2172 diota
805 2079 957 2172 domina
976 2080 1131 2200 Regina
1149 2111 1272 2202 usque
1298 2081 1349 2170 ad
1376 2081 1450 2174 vite
1477 2111 1549 2171 suo
1568 2095 1740 2199 tempora
1760 2082 1918 2189 tenebit,
1946 2083 2066 2174 habo-

441 2203 511 2308 bit,
566 2200 699 2290 uoiiioe
713 2196 927 2318 possidebit
956 2212 995 2289 et
1013 2199 1221 2305 vtiiruetur,
1250 2198 1459 2288 seeundum
1480 2198 1584 2320 quod
1598 2229 1668 2288 sue
1687 2199 1870 2317 placuerit
1894 2199 2066 2290 voiunta-

443 2319 479 2409 ti.
558 2346 664 2408 arum
683 2329 907 2420 nostrarum,
926 2316 1062 2434 quibus
1081 2315 1244 2452 sigillum
1273 2331 1442 2406 nostrum
1462 2345 1672 2436 appensum
1691 2330 1771 2420 est,
1790 2317 2066 2407 testimoniet»

442 2451 618 2526 terarum.
659 2435 796 2524 Aotum
817 2433 1014 2538 Cranno,
1033 2434 1072 2522 in
1090 2431 1152 2524 dre
1171 2433 1439 2524 Conversionis
1459 2435 1590 2526 Sauoti
1609 2434 1719 2524 Pauli
1737 2433 1937 2552 Apostoli,
1964 2464 2067 2526 anuo
2197 2469 2200 2474 ·

442 2551 582 2642 domini
610 2550 804 2640 millesimo
832 2550 1096 2640 trecentesimo
1124 2553 1375 2671 nonagesimo
1403 2565 1523 2642 sexto.
1583 2551 1831 2642 Presentihus
1857 2551 2066 2642 inChris'to

442 2669 631 2790 patribus,
660 2667 881 2758 reverendis
901 2665 1076 2758 dominis:
1109 2667 1371 2789 Dobrogostio
1399 2669 1700 2788 Arohiepisoopo
1721 2670 1956 2772 Gnesuensi,
1975 2670 2064 2759 'Pe-

443 2803 502 2876 tro
531 2787 796 2890 Craooviensi,
836 2781 1000 2874 Nieolao
1035 2785 1309 2893 Posnanieusi,
1343 2785 1566 2906 Episoopis3
1596 2785 1832 2906 Sandiuogio
1852 2785 2067 2893 Kalisieusi,

442 2901 619 2994 iohanne
647 2901 963 3007 Sandomiriensi,
994 2901 1201 3018 Spitheune
1227 2903 1492 3005 Craeoviensi,
1522 2902 1698 2993 iohanne
1726 2903 1897 3025 Ligausa
1925 2903 2065 2994 Louei-

310 3101 316 3114 .
444 3022 582 3122 niensi,
610 3019 810 3129 Palatinis3
844 3019 1008 3108 Gmstino
1035 3018 1348 3124 Sandomiriensi,
1388 3020 1505 3111 Petro
1528 3019 1681 3112 Kmitte
1708 3022 1805 3134 (sio)
1840 3019 2067 3129 Lublineusi,

444 3137 620 3228 Johauue
640 3135 886 3244 Wislieieusi,
915 3137 1092 3226 Johauue
1113 3136 1393 3256 Woyuioiensi,
1414 3138 1578 3228 Cristiuo
1598 3138 1855 3245 Saudeoensi,
1886 3139 2067 3228 Castalia·

160 3188 233 3328 vu
336 3275 346 3338 t
444 3253 521 3363 uis;
560 3255 753 3344 Demetrio
781 3252 1021 3355 Marshaioo,
1060 3254 1179 3345 Petro
1207 3254 1403 3373 Rpisuhoa
1418 3257 1613 3376 magistro
1641 3257 1756 3346 Curio
1798 3255 2000 3376 reginalis,
2029 3272 2069 3345 et
2150 3313 2153 3320 ·

409 3475 413 3483 ¹
445 3372 619 3462 Strassio
649 3371 869 3462 Castellano
896 3371 1195 3494 Malogosteusi‚
1225 3401 1275 3460 ao
1301 3369 1385 3488 alijs
1411 3401 1525 3491 quam
1544 3373 1713 3493 pluribus
1732 3375 1873 3464 uostris
1894 3372 2067 3477 fidelibus

444 3487 668 3696 [ppedpligrps.
689 3490 828 3582 Datum
848 3519 919 3608 per
937 3519 1071 3584 manus
1090 3490 1271 3612 generosi
1288 3487 1443 3598 Zaeir'oe
1462 3489 1560 3582 nuo
1580 3503 1710 3582 nostre
1729 3490 1952 3609 Canoeilarij
1971 3488 2067 3582 fide·

564 3635 610 3696 eo
625 3639 648 3696 r.
