4896 5926
1032 769 1280 846 ..75-

342 967 592 1173 wadiorum
613 964 870 1104 Caudiualcm,
897 967 1106 1084 apustdim
1132 969 1247 1059 Sedis
1266 969 1451 1090 legatum,
1476 972 1515 1106 in
1535 973 1684 1108 synodo
1704 977 1914 1182 peripsum
1934 979 1972 1070 iu
1995 973 2000 990 '

394 1084 589 1175 ratslaua
608 1111 813 1178 munsture
832 1083 1033 1192 celebrata,
1053 1086 1201 1206 publice
1220 1117 1269 1176 ac
1288 1087 1543 1207 sollempniter
1562 1089 1693 1198 edutos,
1723 1093 1774 1180 ad
1833 1109 1972 1184 usuam

341 1203 547 1294 devenisse
570 1202 765 1290 neumam:
802 1216 946 1308 wmen,
976 1229 1089 1323 qaum
1125 1205 1163 1292 in
1191 1235 1236 1292 se
1265 1218 1399 1294 contra
1427 1220 1708 1326 contemptores
1728 1239 1798 1300 seu
1818 1211 1972 1304 desider

341 1322 592 1444 gmv'ssimas
610 1321 802 1410 continent
819 1323 1051 1430 sentenciam
1081 1351 1130 1410 ue
1155 1323 1217 1409 vel
1244 1347 1317 1412 ros
1345 1325 1575 1412 sentenciam
1603 1330 1971 1420 excomunioacicnis

342 1470 413 1578 per
430 1437 594 1574 eundem
613 1437 779 1573 legatum
799 1439 1023 1528 sustentate
1051 1439 1263 1557 apostolica
1289 1440 1492 1558 prolatam,
1517 1441 1729 1532 velamento
1750 1447 1971 1582 cuiusquam
2056 1504 2061 1516 -

341 1571 552 1678 rgrtnranue
572 1570 767 1675 emungat
786 1557 988 1662 incurrere,
1009 1556 1070 1646 vel
1090 1585 1162 1646 nus
1181 1571 1337 1676 propter
1355 1558 1631 1694 negligenciam
1651 1562 1688 1648 in
1709 1589 1972 1680 suspensione

340 1675 573 1766 sentenciam
591 1673 789 1761 videamur
807 1671 990 1762 incidere:
1012 1703 1088 1792 que
1106 1675 1300 1762 sentencia
1320 1689 1377 1763 est
1398 1675 1715 1794 penculcsissima
1736 1680 1772 1765 in
1792 1680 1971 1798 prelatosr

340 1793 489 1913 siquas
514 1789 564 1880 de
591 1789 702 1878 dictis
731 1791 1066 1880 constitucionibus
1095 1789 1145 1878 de
1172 1791 1291 1880 verbu
1319 1791 1369 1880 ad
1398 1793 1554 1882 verbum
1582 1795 1734 1882 inferius
1759 1810 1971 1904 coeuntes,

340 1910 532 2000 seremteti
558 1921 686 2006 vestre
715 1906 890 1998 duximus
917 1905 1239 2012 onnsnittendns,
1269 1923 1455 2028 quatenus
1480 1911 1491 1996 i
1519 1939 1646 1998 sarum
1673 1924 1805 2012 tenere
1823 1914 1972 2031 plenius

341 2027 545 2132 intellecto,
569 2045 641 2116 ne'c
668 2051 741 2117 vos
767 2027 805 2114 in
824 2026 999 2144 laqueum
1020 2027 1389 2116 excomunicaciouie
1407 1939 1597 2133 acidam,
1626 2055 1699 2116 nec
1718 2059 1791 2117 nus
1810 2057 1971 2148 suspen

340 2145 458 2238 sionis
485 2143 716 2234 emunctam
743 2144 996 2233 incurremus:
1034 2145 1234 2279 quinimmo
1262 2158 1391 2232 uestra
1420 2145 1553 2264 pocius
1581 2145 1745 2238 derceio
1774 2161 1812 2234 et
1840 2161 1971 2236 nosue

340 2261 562 2352 obedencia
596 2261 698 2384 apud
731 2260 863 2350 aedem
893 2261 1164 2380 apostolicam,
1199 2291 1247 2348 ex
1276 2261 1526 2352 observancia
1556 2261 1761 2350 euundem
1788 2263 1969 2352 constitu·

339 2382 509 2588 pgrpum,
542 2408 621 2468 nun
654 2380 824 2468 inmerito
859 2379 1153 2468 commendetur.
1202 2377 1332 2468 Tener
1358 2407 1454 2470 uero
1483 2379 1627 2468 illarum
1659 2381 1971 2470 constitucionem

395 2499 403 2516 '
447 2509 522 2584 est:

439 2611 578 2723 Frater
616 2609 741 2699 Guido
776 2611 1026 2701 miseracione
1063 2609 1209 2702 diviua·
1224 2609 1314 2699 tiluli
1353 2612 1483 2700 Sancti
1516 2609 1714 2731 Laureumj
1755 2616 1792 2702 in
1826 2613 1972 2704 Lucina
2085 2601 2089 2610 ⁸

341 2730 536 2822 Presbitcr
556 2727 781 2836 Gurdinal'u,
800 2727 1025 2846 Apostolioe
1043 2728 1149 2818 sedis
1168 2725 1349 2848 Legatos,
1368 2727 1420 2816 ed
1440 2741 1660 2847 perpetuam
1679 2731 1734 2818 rei
1753 2733 1971 2820 minanam

340 2865 377 2940 et
396 2861 537 2936 cetera.
587 2844 933 2934 Exeomunicamus
961 2846 1152 2963 principes
1178 2844 1390 2950 seculares,
1420 2846 1483 2964 qui
1503 2843 1688 2934 ecclesias
1708 2845 1769 2934 vel
1789 2845 1972 2938 ecclesia·

246 2977 252 2986 '
341 2967 456 3060 eticae
488 2993 699 3084 personas,
738 2964 799 3052 vel
834 2960 1007 3052 homines
1041 2961 1322 3070 Ecclesiarum,
1360 2992 1429 3050 seu
1462 2963 1501 3050 in
1535 2961 1795 3052 Ecclesiamm
1829 2963 1970 3084 predijs

341 3097 638 3188 commorantes,
683 3079 794 3199 tallijs
823 3073 880 3193 (²)
919 3080 981 3169 vel
1021 3077 1190 3170 collectis
1230 3107 1452 3199 aggravare
1491 3094 1727 3198 presumaut;
1772 3107 1903 3173 vertum
1938 3083 1972 3172 si

341 3198 493 3322 quando
527 3197 743 3319 Episcopus
775 3197 883 3285 simul
912 3223 998 3285 cum
1035 3195 1193 3285 Clericis
1225 3211 1366 3285 tantam
1396 3199 1661 3285 necessitatem
1690 3199 1751 3288 rel
1780 3197 1970 3286 utilitatem

340 3317 593 3438 prospexerit,
622 3331 663 3404 ut
681 3346 802 3435 esque
823 3313 906 3426 (sio)
932 3314 1008 3404 ullu
1028 3315 1225 3404 coactione
1244 3313 1294 3404 ad
1314 3311 1542 3404 relevandas
1561 3315 1733 3404 utilitates
1754 3313 1816 3404 vel
1834 3345 1970 3406 neces·

315 3439 470 3526 situlas
503 3439 741 3540 communes,
776 3433 839 3521 ubi
870 3431 926 3520 Lu
953 3459 1085 3522 corum
1116 3462 1192 3520 nort
1225 3445 1424 3551 suppetunt
1452 3433 1669 3540 facultates,
1704 3431 1873 3522 subsidia
1900 3459 1971 3549 pet·

340 3553 526 3642 ecclesias
546 3549 718 3640 duxerint
739 3464 988 3639 conlerenda:
1018 3549 1228 3638 nullatenus
1247 3550 1323 3639 hoc
1341 3567 1571 3668 presumant,
1597 3550 1667 3637 nisi
1693 3551 1796 3668 prius
1825 3549 1969 3638 Roma·

270 3724 274 3732 ·
341 3701 413 3758 nus
441 3669 606 3786 pontifex
636 3667 872 3775 consulatur,
913 3669 1019 3756 cuius
1048 3667 1201 3756 interest
1230 3668 1489 3756 communibus
1516 3665 1728 3756 utilitatibus
1754 3666 1968 3785 providere.

340 3787 569 3908 Quicunque
594 3815 687 3874 vero
717 3785 921 3904 episcopus
950 3785 1010 3874 vel
1067 3781 1205 3872 relatus
1233 3785 1269 3872 in
1291 3787 1516 3872 contrarium
1541 3785 1669 3872 venire
1690 3785 1969 3904 presumpserit

341 3921 415 3994 tam
436 3905 536 4024 ipse,
565 3933 676 4022 quam
698 3903 767 4007 illi,
793 3905 856 4024 qui
885 3813 1353 3992 introduceretur
1375 3903 1444 3990 sibi
1465 3899 1654 4006 dederint,
1710 3929 1881 4018 ucusque
1900 3929 1970 4018 per
2080 3995 2088 4011 „

339 4022 471 4114 sedem
492 4021 737 4142 apostolicam
758 4021 1021 4128 absolvantur,
1050 4021 1225 4156 suspensi
1255 4033 1431 4106 maneant
1460 4048 1482 4104 a
1505 4017 1649 4106 divinis.
1683 3933 1791 4102 titem
1820 4044 1904 4104 cum
1932 4019 1969 4104 iu

339 4139 530 4261 plerisque
546 4139 643 4227 'loeis
663 4135 898 4274 quorundam
920 4135 1092 4258 iniquitas
1113 4135 1317 4226 invaluerit:
1339 4130 1443 4271 quod
1462 4137 1497 4222 in
1519 4133 1634 4224 rebus
1655 4130 1815 4224 ecclesie
1835 4133 1970 4220 lurtum

339 4289 382 4348 re
410 4269 534 4345 utatur
552 4267 766 4377 sagacitas,
792 4255 926 4374 rapina
945 4253 1131 4371 probitas,
1160 4269 1197 4342 et
1216 4253 1389 4342 violentia
1410 4251 1598 4358 lortitud0;
1627 4247 1800 4368 synodali
1820 4247 1969 4337 ludicic

180 4373 195 4392 ’
341 4375 376 4462 d·
444 4377 558 4482 imus,
589 4389 647 4482 ut,
676 4374 738 4494 qui
766 4372 868 4461 bona
897 4373 1143 4460 ecclesiarum
1174 4373 1337 4460 scienter
1356 4369 1522 4456 detinent
1542 4383 1748 4486 occupata,
1776 4369 1847 4456 uisi
1875 4367 1968 4455 inlra

340 4495 485 4582 instans
514 4489 669 4581 Pascha
697 4489 831 4578 eadem
860 4491 1104 4595 restituerint,
1134 4501 1170 4575 et
1200 4487 1249 4576 dc
1279 4488 1450 4607 dampnis
1479 4515 1529 4574 ae
1554 4487 1694 4603 iniurijs
1714 4485 1971 4574 'smislecerint

342 4624 602 4731 ccrtpetemm
636 4609 774 4699 extunc
802 4609 987 4698 introitum
1021 4603 1199 4697 Ecclesia
1233 4605 1303 4695 sibi
1335 4606 1507 4694 neverint
1532 4603 1783 4711 interdictum,
1819 4626 1892 4692 nac
1919 4599 1971 4686 alr

439 4877 481 4963 1²]
507 4875 622 4974 Tulliae
636 4875 964 4964 perpendenserrilas,
977 4875 1099 4958 liberae,
1114 4883 1170 4943 etc.
1207 4871 1285 4941 Vide
1297 4871 1450 4958 Dounga
1586 4947 1591 4956 ¹

1767 4983 1812 5040 to*
