4876 5940
1032 719 1309 792 -ll'l-

346 937 471 1010 cutem
493 921 667 1025 termino,
695 931 761 1007 aut
780 920 907 1038 aliquo
928 920 1113 1039 ipsorum,
1141 917 1280 1008 Petrus
1300 918 1407 1006 solus
1427 947 1496 1035 pro
1516 931 1667 1008 centum
1689 921 1825 1009 nmrois
1853 937 1891 1009 et
1911 951 1981 1039 pro

352 1053 430 1128 tota
459 1039 638 1156 pecunia,
674 1039 706 1125 si
742 1039 782 1128 io
807 1037 950 1126 eisdem
981 1041 1144 1126 tenninis
1173 1069 1248 1126 non
1280 1038 1388 1125 luerit
1416 1038 1582 1154 plenarie
1613 1040 1772 1156 pecunia
1802 1039 1988 1147 exsoluta,

243 1257 248 1260 ,
352 1157 538 1245 ciuitatem
569 1163 720 1244 Thomu
746 1157 883 1245 intrare
912 1156 1097 1243 tenebitur
1126 1171 1163 1242 at
1192 1155 1384 1242 incudem
1414 1185 1568 1244 manere
1599 1155 1759 1262 tamdiu,
1791 1185 1990 1362 ‹proumquc

353 1275 521 1394 predicta
551 1277 712 1394 pecunia
742 1275 972 1394 integraliter
1000 1274 1153 1363 domino
1183 1276 1368 1392 episcopo
1398 1275 1456 1362 uel
1484 1276 1562 1362 suis
1590 1277 1806 1370 successori
1835 1305 1879 1362 us
1907 1307 1991 1394 per·

352 1393 530 1482 soluatur.
582 1393 623 1480 Si
643 1405 788 1500 aulem,
819 1393 921 1511 quod
943 1391 1060 1498 absit,
1091 1391 1140 1480 da
1161 1394 1253 1509 ipsis
1274 1392 1401 1512 aliquo
1423 1391 1547 1480 medio
1579 1409 1748 1510 tempore
1778 1395 1991 1484 humanitus

352 1514 529 1615 euenerit,
550 1541 680 1600 corum
702 1511 864 1600 heredes
884 1528 920 1598 et
936 1541 1186 1599 successores
1205 1510 1369 1630 legitimi,
1392 1511 1614 1600 tenebuntur
1633 1512 1785 1600 domino
1807 1515 1990 1631 episcopo

352 1630 402 1716 ad
423 1629 728 1718 satisfaciendum
750 1630 799 1717 dc
820 1631 979 1747 pecunia
1001 1644 1225 1734 memorata,
1253 1646 1291 1716 et
1310 1629 1360 1716 ad
1382 1631 1507 1718 omnia
1528 1631 1763 1749 peragenda,
1785 1662 1859 1748 que
1880 1662 1991 1750 supe-

351 1749 428 1836 rius
463 1764 550 1836 sunt
586 1779 793 1865 expressa,
829 1749 928 1837 bona
965 1750 1134 1865 ipsorum
1169 1747 1369 1836 immobilia
1404 1751 1440 1836 in
1471 1749 1615 1866 prelata
1646 1751 1805 1865 pecunia
1838 1749 1991 1838 domino

2041 1821 2049 1865 l

352 1867 535 1986 episcopo
562 1881 671 1956 crunt
698 1865 954 1954 nichilominus
982 1867 1162 1986 obligata.
1214 1865 1269 1954 lta
1291 1867 1392 1985 quod
1421 1869 1640 1985 inopcione
1661 1867 1800 1954 domini
1821 1869 1991 1987 episcopi
2037 1908 2050 1938 ι

352 1986 432 2090 erit,
452 1983 513 2072 uel
534 1984 636 2072 bona
657 1985 823 2102 ipsorum
845 1985 1115 2074 decedencium
1137 2001 1279 2090 lemene,
1300 1986 1359 2072 uel
1380 2015 1404 2072 a
1425 1986 1715 2074 successoribus
1736 1985 1993 2076 coheredibus

252 2107 256 2115 ’
352 2104 510 2222 exigere
528 2103 749 2219 peccuniam
772 2101 869 2213 (sic)
899 2120 1156 2192 memoratam.
1208 2103 1249 2190 ln
1276 2101 1385 2192 huius
1414 2106 1467 2191 rei
1495 2105 1762 2208 testimonium,
1792 2112 2015 2221 presentes*

352 2221 540 2310 conscribi
561 2223 736 2322 lecimuS,
765 2222 890 2342 sigillo
916 2238 1210 2341 nostrorumque
1236 2220 1399 2310 fidelium
1431 2238 1468 2310 et
1488 2239 1638 2328 nostro,
1667 2235 1706 2310 et
1724 2221 1990 2312 fideiussorum
2042 2268 2046 2277 ,

377 2337 616 2444 redictorum,
636 2341 835 2428 munimine
857 2341 940 2451 (sic)
960 2341 1200 2428 roborantes.
1247 2341 1385 2426 Datum
1406 2356 1444 2427 et
1463 2355 1587 2428 actum
1608 2343 1645 2432 in
1669 2345 1860 2446 Gelcnczlt,
1879 2337 1989 2430 XVI·

351 2369 549 2546 llalendas
568 2457 749 2574 lanuarij,
770 2488 872 2548 anno
893 2457 1033 2546 dommi
1051 2458 1110 2546 Μο
1131 2458 1178 2549 C⁰
1201 2457 1249 2544 C⁰
1271 2457 1319 2542 C⁰
1339 2473 1460 2546 sexto.

1077 2809 1272 2927 oxuvt.

287 3184 291 3190 ¹
445 3079 783 3176 cracoviae,
810 3097 966 3164 omno
991 3077 1141 3166 1301
1168 3080 1263 3164 dle
1287 3081 1328 3166 4
1352 3078 1555 3166 monela
1579 3079 1899 3168 Februarii.

404 3281 719 3356 martialem
733 3279 916 3374 (tubam)
930 3282 1029 3355 beroe
1038 3281 1136 3374 tamt
1149 3282 1295 3358 tornum
1309 3282 1418 3356 villam
1431 3283 1585 3372 Prcypmt
1598 3281 1766 3359 uernum
1781 3285 1935 3379 Episcopo

868 3381 1137 3471 llhtialarlcml,
1158 3382 1280 3474 pignori
1294 3381 1417 3474 obligat
1431 3384 1480 3471 (¹).

386 3657 390 3664 ·
455 3601 639 3693 Nouerint
659 3605 822 3692 uniuersi
843 3607 1080 3722 presencium
1106 3607 1279 3694 noticiam
1305 3607 1484 3695 habituri:
1524 3607 1641 3724 Quod
1662 3595 1732 3696 nos
1754 3609 1989 3699 Wladislaus

355 3719 416 3810 dci
436 3724 569 3842 gracia
589 3722 665 3809 dux
689 3724 893 3831 Graccum,
922 3723 1175 3830 Sandomirie‚
1204 3725 1449 3832 Pomoranie,
1479 3728 1664 3844 Cuyauie,
1686 3725 1892 3846 Lancycie‚
1915 3730 1989 3845 Sy·
2061 3800 2084 3836 ,,

328 3839 471 3946 'radia
491 3870 539 3928 ac
554 3871 672 3930 uerus
693 3841 806 3932 heres
829 3843 948 3930 tocius
968 3839 1097 3962 Regni
1113 3841 1277 3932 Polouie⁴
1294 3846 1329 3937 in
1352 3847 1548 3962 presencia
1565 3861 1777 3934 nostrorum
1794 3849 1990 3953 baronum,
2055 3835 2061 3856 ⁵

354 3955 530 4068 uidelicet
556 3957 739 4076 Wyrbetc
759 3960 842 4074 (sic)
871 3961 1022 4078 palatini
1050 3963 1327 4069 oracouiensis,
1360 3963 1566 4052 Kelozonis
1587 3963 1737 4080 palatini
1757 3965 1990 4078 poznanien·

355 4077 426 4185 sis,
457 4091 495 4163 et
518 4075 720 4166 Clementis
741 4077 934 4170 castellani
954 4079 1208 4206 pyradicnsis,
1240 4081 1442 4173 venerabili
1470 4083 1507 4182 in
1535 4081 1683 4170 Christo
1712 4081 1807 4197 patri
1836 4079 1988 4170 domino

357 4191 594 4299 Gcrwardo,
624 4197 806 4313 episcopo
836 4195 1151 4284 wladislauiensis
1181 4199 1362 4302 ecclesie,
1399 4198 1640 4286 hereditatem
1662 4211 1828 4286 nostram
1851 4197 1987 4286 dictam

282 4383 287 4394 .
355 4317 526 4428 Rapum,
558 4311 667 4400 silam
698 4314 735 4399 in
764 4325 864 4400 terra
896 4313 1123 4428 Cuyauiensi
1145 4311 1219 4430 (²),
1250 4315 1461 4436 obligamus
1491 4317 1528 4404 in
1554 4317 1754 4436 sexaginta
1784 4318 1922 4406 marcis
1951 4333 1989 4406 ct

270 4645 274 4652 .
403 4669 409 4682 ,
442 4595 497 4696 ,(1)
524 4595 571 4664 Ex
592 4595 753 4696 archetypo
774 4595 1021 4696 mambranaceo,
1042 4595 1074 4662 in
1088 4597 1236 4697 tabulario
1251 4597 1371 4685 capituli
1387 4599 1529 4698 acclesiae
1550 4599 1808 4669 wladislauiensis
1822 4609 1986 4682 asservato,

355 4677 544 4768 dampnum.
579 4680 674 4768 Sigrlh
689 4681 807 4781 abrupti
821 4689 959 4781 superest
971 4689 1088 4782 tuntmn
1102 4681 1380 4784 funiculusscriw
1394 4684 1495 4784 uincla
1509 4685 1625 4784 coloris.

469 4763 500 4864 ’l
523 4765 678 4866 Prnppuat
691 4767 759 4834 ulla
773 4787 943 4855 provinciae
956 4767 1169 4851 Mammenses,
1191 4775 1334 4837 tarntoru
1356 4769 1557 4858 Cupauonem,
1577 4770 1709 4860 regionis
1722 4769 1985 4858 Radziejorieusis,

275 4925 279 4932 Ι
355 4867 451 4938 propo
502 4870 648 4918 aszamam
661 4853 727 4919 eila.

475 4969 609 5022 Tomull.
1781 4969 1817 5030 Ἡ
