4876 5940
1140 678 1412 796 -sao-

762 968 1391 1190 ·.'ooxuu.
1509 987 1575 1078 ³

607 1263 849 1363 lamone,
875 1283 1030 1352 anuo
1055 1235 1202 1352 1328
1229 1261 1323 1348 use
1347 1259 1429 1352 21)
1452 1278 1596 1348 neco.
1622 1257 1958 1346 Decumo

471 1465 690 1542 mauras
704 1429 999 1543 rsonnur'mo
1013 1465 1563 1558 colummannuuuru
1576 1463 1943 1554 salomonem
1966 1465 2085 1535 mua
2236 1412 2241 1418 ’

471 1573 642 1647 namt
654 1587 723 1646 mu
735 1570 811 1646 villo
829 1569 1019 1662 domama,
1034 1582 1071 1646 oo
1088 1569 1216 1644 decinis
1229 1571 1370 1646 rillarun
1384 1572 1553 1652 Kadasa,
1579 1571 1706 1654 metit,
1730 1568 1901 1650 euoenon,
1922 1571 2084 1640 Zabam

892 1669 1100 1763 interemtus
1113 1672 1383 1748 modulationis
1396 1673 1586 1790 nondam
1600 1672 1648 1760 (¹).

401 1977 405 1984 ¹
573 1864 615 1953 ln
642 1867 789 1954 nomine
818 1863 971 1974 domini,
1002 1895 1122 1954 amen.
1183 1863 1440 1954 Humanarum
1469 1879 1784 1985 actuumgesta,
1823 1862 2008 1954 obliuione
2027 1863 2084 1952 la-

472 1985 609 2086 ciente,
640 2000 917 2072 consueuerunt
935 1999 1056 2073 tractu
1076 1986 1255 2102 temporis
1276 1982 1466 2102 deperire,
1496 1984 1527 2072 si
1555 1985 1738 2106 scriptore
1765 1983 1995 2089 testimonio,
2024 1982 2086 2070 vel

471 2105 618 2192 testium
646 2104 827 2224 sullragio
857 2133 932 2190 nou
961 2103 1093 2192 suerint
1121 2103 1297 2214 memorie
1318 2101 1588 2192 commendato.
1647 2100 1739 2192 lude
1765 2117 1842 2206 ast,
1870 2100 1973 2222 quod
2003 2098 2086 2189 Nos

471 2221 587 2308 irater
619 2219 792 2326 Mathias,
828 2220 951 2310 diuina
974 2221 1220 2310 miseracione
1239 2221 1358 2310 abbas
1388 2221 1437 2308 de
1464 2227 1599 2326 hodo,
1629 2221 1771 2309 ordinis
1802 2221 2086 2338 Cysterciensis,
2127 2234 2131 2243 '

471 2337 725 2460 gnezdnensis
745 2339 937 2458 dyocesis,
958 2342 1168 2459 cupientes,
1189 2355 1229 2430 ut
1248 2355 1442 2461 gestorum
1463 2343 1558 2450 inter
1578 2340 1825 2450 venerabilem
1846 2355 1988 2457 patrem
2016 2337 2087 2429 do-

472 2460 608 2546 miuum
634 2457 824 2566 Mathiam,
854 2459 977 2548 diuina
1010 2473 1047 2547 et
1073 2460 1282 2576 apostolice
1309 2459 1413 2548 sedis
1442 2459 1684 2579 prouidencia
1714 2459 1876 2548 ecclesio
1897 2457 2085 2548 wladisla-

471 2579 610 2668 uieusis
639 2580 877 2698 episcopum,
908 2592 945 2667 et
971 2579 1170 2698 capitulum
1194 2580 1332 2698 ipsius,
1362 2581 1511 2670 nomine
1539 2581 1701 2668 ecclesie
1727 2579 1892 2696 ipsorum
1913 2593 2086 2696 exparte

471 2726 562 2802 uua,
593 2712 631 2788 et
658 2727 729 2784 nos
757 2727 806 2796 ac
834 2705 1065 2787 conuentum
1087 2715 1271 2803 nostrum,
1303 2700 1451 2788 nonina
1479 2699 1640 2788 ecclesio
1660 2711 1789 2787 nostre
1810 2695 2016 2786 Leudensis
2037 2727 2086 2784 ex

470 2816 609 2920 altera,
640 2817 786 2934 plenior
805 2817 904 2934 apud
927 2833 1102 2934 posteros
1122 2815 1530 2926 memorialbabaotur3
1565 2833 1690 2906 notum
1712 2817 1868 2905 iacimus
1888 2816 2085 2920 uniuersis,

304 2943 307 2954 '
436 3027 440 3043 ,
470 2951 545 3024 tacu
567 2936 801 3054 presentibus
821 2955 936 3054 quam¹
952 2937 1132 3055 posteris,
1163 2939 1397 3054 presencium
1418 2939 1589 3027 noticiam
1612 2936 1809 3026 babilun's:
1840 2933 1940 3054 ipuod
1966 2947 2086 3022 atten-

472 3052 622 3157 dentes,
652 3055 810 3174 qualiter
838 3055 941 3157 villa,
972 3056 1168 3171 possessio
1199 3086 1266 3142 seu
1293 3053 1481 3142 hereditas
1513 3055 1675 3144 ecclesie
1703 3070 1846 3159 nostre,
1901 3082 1948 3144 ue
1982 3059 2088 3168 Louq

472 3171 667 3292 wlgariter
692 3188 941 3290 nuncupatur,
973 3177 1101 3260 iacens
1133 3175 1166 3262 in
1199 3187 1297 3286 terro
1326 3174 1491 3292 Cuyauie
1517 3203 1635 3294 prope
1666 3175 1864 3291 antiquam
1936 3171 2087 3260 ladisla-

472 3293 591 3396 uiam,
623 3321 694 3378 una
716 3321 800 3378 cum
821 3307 964 3412 septem
986 3291 1178 3382 maldratis
1198 3287 1254 3405 (²)
1276 3292 1518 3382 decimalibus
1539 3295 1575 3380 in
1596 3293 1682 3380 villa
1702 3291 1890 3414 magnifici
1910 3292 2088 3411 principis

471 3409 610 3511 domini
640 3409 852 3528 Wladislay
875 3410 1005 3532 Regis
1040 3411 1216 3518 Polonie,
1255 3443 1328 3530 que
1360 3415 1473 3500 Clade
1506 3411 1654 3518 dicitur,
1694 3407 2006 3522 iacentibus-(³),
2035 3410 2087 3498 ad

368 3538 372 3548 ⁴
458 3543 638 3632 nostrum
658 3531 922 3620 monesterium
938 3531 1216 3648 spectantibus,
1247 3547 1401 3648 propter
1421 3532 1573 3650 longana
1595 3532 1761 3619 locorum
1783 3529 2001 3620 distancienr
2023 3531 2087 3616 ori-

472 3677 543 3734 nus
564 3647 671 3736 utiles
693 3648 852 3746 ecclesie
871 3664 1000 3744 nostre
1019 3651 1101 3738 iore
1121 3650 1353 3761 viderentur,
1384 3665 1424 3738 et
1441 3650 1742 3758 considerantes,
1770 3648 1871 3769 quod
1892 3647 1993 3752 villa,
2023 3648 2087 3736 be-

391 3765 612 3904 sedites
647 3795 715 3852 seu
751 3769 947 3885 possessio
983 3770 1099 3887 ipsius
1134 3768 1274 3856 domini
1308 3769 1476 3890 episcopi
1507 3766 1819 3858 wladislauieusis
1856 3769 2086 3873 Godzesoroo

470 3885 522 3974 wl
554 3887 609 3974 ari
635 3885 822 3975 vocabulo
850 3901 1084 4005 nuncupata,
1121 3918 1195 3976 una
1225 3919 1310 3978 eum
1337 3888 1502 3976 ecclesia
1529 3903 1576 3978 et.
1592 3888 1738 3976 decima
1768 3887 1884 4006 ipsius
1913 3885 2087 3992 ecclesie,

406 4089 410 4094 .
470 3915 684 4098 molendino
711 4020 745 4094 et
775 4005 860 4095 lacu
889 4007 1006 4126 ipsius
1032 4007 1210 4114 vilicae
1226 4007 1309 4125 alijs
1338 4005 1492 4094 decimis
1521 4007 1557 4096 in
1579 4005 1664 4095 villa
1684 4037 1753 4094 seu
1772 4005 1937 4126 grangia
1957 4021 2087 4097 nostra

217 4173 222 4182 ·
311 4220 316 4229 ,
353 4097 403 4172 l
474 4127 659 4234 acdona,
688 4155 738 4214 ac
763 4125 930 4218 sortibus
957 4124 1232 4230 adiacentibus,
1262 4139 1302 4214 et
1328 4126 1365 4216 io
1396 4132 1599 4242 Tramoty,
1623 4129 1851 4222 Closemico,
1872 4129 2086 4214 Szocrzouo
2180 4209 2182 4214 Α

571 4463 609 4548 (¹)
630 4463 677 4530 Ex
692 4461 851 4550 archetypo
865 4463 1094 4532 membranaceo
1108 4451 1244 4532 tibulorii
1258 4465 1378 4552 capituli
1394 4457 1661 4532 wladislauieusis
1683 4461 1819 4548 Sigillum
1829 4481 1997 4550 appensum
2009 4461 2088 4528 luni·

473 4546 542 4613 culo
556 4549 651 4614 serico
665 4549 772 4614 coloris
788 4547 898 4628 viridis,
915 4545 979 4634 jorn
995 4549 1134 4616 deletum.
1622 4565 1624 4576 ·
1769 4558 1771 4568 “
1983 4557 1987 4564 ’

573 4632 617 4716 (²)
637 4633 748 4698 Maltro
768 4633 929 4718 (Malorum,
949 4634 1102 4714 Moldrus,
1122 4633 1281 4713 Moldrurn,
1301 4633 1428 4719 Mulier),
1449 4635 1628 4722 promiscue,
1648 4654 1790 4703 mausona
1804 4631 1992 4710 comunes,
2012 4653 2089 4700 cou-

471 4716 570 4784 tineus
583 4724 712 4804 quatuor
726 4717 850 4798 modios,
870 4719 998 4871 pprpdim
1012 4741 1083 4788 vero
1097 4719 1322 4806 comprehendit
1334 4727 1463 4808 quotuor
1477 4717 1644 4808 quartolos).
1666 4719 1732 4788 Vid.
1747 4720 1891 4818 Duouoge
1905 4738 1928 4783 s
1943 4716 1973 4784 b.
1988 4737 2014 4784 r.

471 4801 622 4959 ΒΜΓ).
635 4801 858 4977 musal&
937 4806 996 4885 bio,
1016 4806 1093 4874 sitae
1106 4814 1176 4872 sunt
1190 4807 1223 4872 in
1235 4805 1386 4893 provincio
1399 4806 1588 4885 Masouieosi,
1601 4807 1751 4874 ianitoris
1765 4803 1945 4890 mouson.
1958 4799 2085 4888 τοςίουο

577 4907 632 4970 uso,
654 4907 703 4956 om
742 4908 760 4954 a
845 4909 918 4957 rece
1563 4951 1568 4960 .
