4876 5940
1014 729 1293 804 -uou-

331 929 411 1022 suis
439 929 625 1054 postule,
657 927 876 1020 thebanum
905 929 1061 1020 liberam
1096 929 1135 1019 in
1168 901 1340 1050 predicta
1373 945 1504 1022 uosua
1539 929 1712 1022 dedimus
1746 929 1963 1026 hereditate.

330 1051 514 1140 Preterea
535 1047 658 1138 dietus
678 1049 860 1139 scultetus
874 1049 962 1166 jure
981 1047 1282 1170 magdburgensi
1303 1049 1482 1144 iudicabit
1496 1079 1634 1139 aausas
1647 1079 1810 1168 maguus
1825 1065 1862 1140 et
1877 1081 1966 1170 par·

331 1199 419 1277 uas,
458 1197 535 1287 que
559 1169 597 1256 in
625 1167 793 1258 eiusdem
821 1168 1001 1256 soulteoie
1027 1168 1145 1288 insius
1173 1169 1341 1258 terminis
1376 1168 1645 1263 oausabuntur.
1704 1169 1795 1260 Hoo
1820 1169 1967 1278 addito,
2019 1249 2024 1283 ,

333 1285 854 1497 lllltrttlllltl
869 1285 1559 1496 :t'’lllllirllltttttlt‘
1577 1287 1640 1496 ll
1656 1289 1820 1496 lllt
1839 1320 2025 1498 llll*

330 1437 471 1616 lslroius
498 1434 637 1614 sibiet
665 1437 882 1616 no’biluduo
911 1523 1054 1646 denarij
1071 1523 1223 1614 nedoni„
1249 1436 1333 1614 'lu
1352 1475 1572 1618 adruisiurlrs
1597 1525 1667 1616 sibi
1696 1527 1733 1614 in
1760 1539 1848 1614 aotu
1868 1525 1964 1616 iudi·

181 1643 189 1650 ’
331 1643 442 1736 naudi
462 1645 648 1753 existenti,
679 1645 715 1732 in
737 1645 885 1733 minutis
907 1643 1051 1752 nausis,
1083 1675 1157 1769 que
1176 1641 1226 1732 ad
1245 1659 1405 1764 quatuor
1425 1643 1570 1736 solidos
1592 1675 1636 1736 se
1656 1643 1875 1753 eateudunt,
1895 1675 1964 1765 pe·
2025 1755 2030 1775 Ι

296 1835 299 1841 .
330 1795 416 1854 nour
428 1793 613 1882 parcere,
645 1764 705 1850 eui
724 1761 903 1870 voluerit,
924 1761 985 1850 uel
1005 1765 1177 1884 grauiam
1198 1762 1325 1851 lacere
1346 1762 1395 1866 de
1416 1762 1561 1852 eadem.
1604 1761 1724 1879 Quod
1744 1765 1872 1853 laoere
1887 1792 1964 1852 non
2022 1782 2033 1846 t

330 1883 488 2021 poterit,
511 1883 718 2000 postquam
748 1881 798 1970 de
823 1881 960 1970 iudicio
989 1911 1033 1970 se
1053 1879 1227 1972 monebit.
1287 1879 1333 1969 Et
1365 1883 1401 1970 iu
1422 1879 1589 2001 denarijs
1610 1883 1821 1988 iuramenti,
1850 1895 1963 2002 prout
2023 1908 2038 1993 f
2097 1979 2103 1990 ,

329 2033 367 2092 ro
396 2005 535 2088 Inueni
567 2003 806 2090 Wodailunio
831 1999 1074 2108 obseuratur,
1099 1997 1165 2120 jus
1192 1999 1351 2090 habebit
1411 1999 1504 2089 Item
1531 2001 1662 2120 prelati
1696 1999 1818 2092 incole
1853 1999 1963 2090 nobis
2022 2000 2026 2015 '

329 2135 441 2209 arare
456 2129 532 2208 uiuo
553 2117 614 2208 die
633 2117 685 2208 ad
706 2119 896 2228 estiuulia,
928 2133 966 2208 et
985 2118 1136 2210 duobus
1156 2116 1291 2208 diebus
1312 2117 1363 2208 ad
1383 2115 1572 2236 hyemalia
1594 2117 1826 2210 tenebuntur.
1866 2118 1964 2208 Pre·

330 2253 435 2327 terea
463 2235 513 2324 ad
539 2238 789 2328 necessitates
818 2253 997 2346 nostras,
1028 2237 1376 2359 quocienscumque
1406 2252 1442 2326 et
1469 2237 1786 2357 quandocumque
1806 2265 1878 2358 pro
1900 2265 1963 2324 na

329 2355 455 2477 goaijs
474 2371 604 2446 nostre
624 2357 787 2445 eoelesie
808 2373 844 2445 et
859 2358 999 2446 uostris
1019 2356 1246 2476 ingruerint,
1278 2352 1367 2442 dicti
1388 2355 1522 2460 incole,
1541 2372 1653 2472 prout
1666 2357 1733 2472 jus
1754 2354 1963 2476 magdbur-

330 2503 454 2596 gense
473 2473 643 2594 requirit,
674 2473 896 2562 tenebuntur
910 2503 983 2561 nos
1003 2473 1151 2578 iuuare,
1181 2483 1219 2562 et
1238 2469 1349 2560 uobis
1370 2470 1495 2560 debita
1514 2473 1678 2560 seruioia
1699 2471 1889 2560 exhibere.
1920 2470 1963 2560 ln

330 2593 437 2681 ouius
465 2592 520 2680 rei
545 2591 818 2700 testimouium,
849 2605 1046 2710 presentes
1073 2604 1206 2678 nostro
1237 2603 1274 2676 et
1302 2591 1422 2676 nostri
1451 2589 1601 2704 eapituli
1626 2589 1757 2708 sigillis
1789 2587 1964 2676 duximus

329 2707 579 2800 roborandas
638 2709 776 2799 Aoturn
804 2724 842 2798 et
871 2707 998 2798 datum
1018 2705 1121 2828 apud
1140 2705 1348 2798 Hadaran
1373 2705 1468 2820 (sio),
1487 2733 1589 2797 anuo
1609 2699 1749 2798 donnini
1769 2704 1964 2794 millesimo

330 2829 593 2918 trecentesimo
615 2827 963 2946 decimoseptimo,
994 2829 1032 2915 in
1058 2825 1222 2916 crastino
1244 2824 1405 2914 omnium
1427 2837 1654 2912 sanctorum.
1716 2821 1964 2912 Presentibus

329 2944 614 3038 honorabilibus
636 2959 673 3083 et
693 2946 866 3036 diseretis
882 2945 990 3082 uiris,
1012 2941 1183 3035 dominis:
1201 2942 1393 3082 Stanislao
1408 2939 1781 3150 Pfiss⁰⁵l⁰ul¹³ll³
1801 2937 1962 3079 deoano,

330 3063 488 3156 Alberto
509 3065 724 3174 scolastico,
744 3063 960 3156 Theodrroo
982 3062 1154 3172 custode,
1165 3061 1475 3153 Wladrslaurensr
1504 3088 1560 3172 us;
1581 3057 1767 3152 Michaele
1789 3089 1962 3182 preposu-

252 3237 258 3244 ·
328 3199 388 3292 to,
407 3181 599 3274 Stauislao
615 3181 784 3291 decano,
805 3181 1005 3274 Bodzatha
1026 3181 1322 3388 arohidfaoouo,
1342 3180 1662 3290 orusloieusibus,
1693 3191 1730 3269 et
1750 3177 1832 3296 alijs
1849 3206 1962 3298 quam

330 3303 500 3422 pluribus
518 3301 596 3400 fide
615 3301 753 3426 dignis,
774 3317 904 3394 nostre
924 3303 1027 3393 ourie
1048 3301 1157 3422 capel
1171 3301 1265 3392 anis.
1298 3405 1302 3414 ¹

1032 3665 1267 3787 ClllleV.
1426 3643 1429 3650 ¹

675 3890 1235 4036 suntrutaottetovtuo,
1261 3953 1417 4022 anno
1443 3931 1602 4020 1³18.
1763 4049 1765 4054 ι

330 4147 489 4222 mose·
512 4145 584 4220 nux
598 4143 746 4240 tunnas
762 4141 955 4218 strenuo
968 4140 1098 4215 turonis
1111 4138 1335 4214 malinariae
1350 4133 1517 4210 uervuo
1538 4077 1690 4226 laterone
1705 4127 1960 4206 maurianensi

634 4245 756 4320 utillo
772 4245 912 4330 sanan,
924 4242 1023 4316 reatu
1033 4239 1217 4315 exstrueret
1231 4241 1429 4328 uersuram
1446 4235 1591 4310 orauit
1605 4235 1654 4320 (¹).

428 4436 643 4532 innomine
663 4433 824 4546 domini,
856 4461 977 4520 amena.
1013 4427 1381 4518 Nouerintun‘iuer'si
1404 4424 1642 4544 presenoiunr
1663 4419 1838 4511 notioioru
1857 4421 1961 4512 habi·

329 4555 418 4646 turi:
440 4555 551 4677 quod
572 4555 644 4644 nos
666 4551 850 4659 Le'stoho,
871 4549 932 4669 tlej
954 4551 1088 4672 grauia
1109 4548 1185 4637 dux
1208 4545 1378 4670 Cuyauie
1398 4557 1436 4632 et
1456 4543 1629 4634 dominus
1649 4541 1794 4630 iuuenis
1815 4535 1960 4630 Wladi-

327 4789 726 4962 miofilpoligffletypn
747 4785 977 4882 membrauaooo
996 4781 1137 4853 “butarii
1151 4781 1272 4872 ospitati
1288 4751 1552 4850 Wadialuuisusis
1576 4773 1805 4879 Sigittiubrupti
1819 4781 1957 4865 supnaet

447 4995 538 5046 romu
550 4995 583 5046 u.
1756 4975 1790 5033 Ξῖ
