4876 5940
428 877 430 884 ’
474 871 532 958 sui
551 869 707 986 posteri,
738 864 954 953 scolteciam
985 860 1141 949 eandem
1167 863 1258 950 nolli
1277 861 1442 950 vendere
1471 875 1540 950 aut
1566 862 1736 984 obligare
1756 866 1934 983 in'parte,
1964 865 2078 958 vclio
2216 922 2219 930 ·

474 1003 552 1078 toto
572 986 731 1088 valeant,
761 997 885 1103 preter
905 997 1070 1069 nostram
1101 997 1137 1068 et
1157 996 1369 1070 nostrorum
1390 1011 1657 1070 successorum
1678 984 1906 1074 voluntatem
1927 995 1966 1072 et
1985 1015 2077 1072 ooo·

473 1138 636 1197 sensum.
658 1107 791 1192 Preter
811 1103 893 1205 hec,
911 1103 942 1188 si
960 1130 1042 1206 nos,
1064 1099 1122 1188 vel
1136 1115 1294 1190 nostros
1315 1131 1573 1207 successores,
1594 1101 1780 1192 aduersus
1799 1102 1958 1192 eundem
1974 1103 2078 1193 suol-

474 1241 597 1330 tetum‚
618 1225 679 1340 rel
700 1253 792 1312 suos
812 1237 1001 1342 posteros,
1036 1219 1174 1339 aliquid
1194 1217 1316 1341 ogere
1341 1219 1401 1308 vel
1422 1221 1608 1338 querulari
1629 1223 1847 1342 oontmgat.
1860 1223 1931 1339 ipsi
1951 1251 2079 1312 noram

472 1361 602 1434 nostro
628 1359 666 1432 et
686 1358 896 1431 nostrorum
926 1369 1190 1428 successorum
1205 1341 1353 1458 judico,
1382 1369 1491 1487 quem
1513 1339 1656 1428 adhoc
1677 1341 1913 1458 posuerimus
1933 1341 2080 1450 ibidem,
2109 1437 2112 1446 ,

473 1468 550 1552 iure
570 1462 740 1582 predicto
760 1457 1056 1579 llleydburgeosi
1077 1458 1368 1575 respondebunt.
1407 1459 1640 1548 lenebuutur
1659 1460 1778 1548 eciem
1799 1460 1977 1549 scultetus
1997 1462 2079 1578 ipso

473 1613 557 1672 cum
578 1585 655 1670 suis
687 1583 866 1700 posteris,
887 1593 922 1667 et
943 1577 1062 1667 incole
1083 1577 1170 1667 ville
1187 1579 1314 1696 ipsios,
1336 1595 1502 1668 nostrum
1524 1595 1561 1668 et
1580 1593 1795 1668 nostrorum
1815 1604 2078 1668 successorum

472 1717 763 1818 procuratorem,
784 1700 844 1786 vel
864 1699 974 1785 alium
995 1698 1167 1784 nuncium
1186 1697 1236 1784 ad
1257 1697 1332 1785 hoo
1350 1699 1506 1786 missum
1525 1715 1582 1785 ter
1601 1697 1766 1818 quolibet
1795 1729 1896 1786 mino
1909 1701 2080 1818 recipere

472 1821 522 1910 ad
542 1821 775 1940 colloquium
787 1818 966 1940 generale
985 1815 1212 1921 laciendum,
1241 1832 1278 1904 et
1298 1817 1366 1904 sibi
1387 1832 1595 1937 metquarto
1623 1845 1812 1934 expensas
1839 1820 2080 1906 communiter

473 1942 691 2028 ministrare.
736 1937 786 2026 Et
805 1937 956 2056 quando
984 1965 1054 2023 nos
1076 1935 1135 2022 vel
1163 1949 1316 2023 nostros
1336 1965 1583 2024 successores
1613 1936 1772 2026 eandem
1792 1936 1917 2026 villam
1936 1937 2080 2026 contut-

473 2060 663 2180 gerit(sie)
679 2056 827 2162 intrare,
838 2055 957 2144 incole
965 2055 1035 2172 ipsi
1045 2053 1166 2140 omnia
1188 2068 1317 2142 nostra
1338 2056 1508 2143 utensilia
1517 2055 1679 2144 educent
1698 2055 1747 2144 ad
1769 2055 1892 2144 villaro
1912 2067 2081 2145 nostruin
2145 2137 2151 2152 ,

473 2179 697 2266 viciniorem.
727 2175 910 2265 Volumus
931 2176 1059 2279 eciam,
1075 2172 1190 2292 quod,
1205 2173 1402 2291 siquando
1423 2175 1547 2294 aliqua
1568 2173 1679 2266 dubio
1701 2176 1736 2262 in
1756 2175 1892 2272 iudicio
1914 2204 2082 2264 emersa.

472 2299 544 2384 rint
562 2299 656 2384 inter
674 2296 851 2384 scabinos
872 2295 954 2381 ville
975 2307 1104 2380 nostre
1125 2310 1340 2395 memorate,
1361 2321 1435 2382 noo
1451 2294 1555 2398 alias,
1569 2295 1639 2382 nisi
1660 2296 1695 2380 in
1710 2301 1881 2382 Itonaeos
1897 2292 2081 2407 oooedmt

353 2425 358 2448 '
473 2445 542 2536 pro
563 2414 703 2502 eisdem
723 2413 973 2502 discutiendis.
1025 2409 1253 2500 Ordinamos
1275 2414 1405 2514 eciem,
1426 2412 1527 2530 quod
1547 2411 1753 2502 'scoltltetus
1775 2415 1859 2532 ipse
1878 2411 1916 2502 et
1935 2414 1993 2502 sui
2012 2439 2081 2531 ρο*

473 2532 563 2623 steri
590 2564 637 2624 ao
657 2533 778 2622 incole
806 2532 890 2620 iille
910 2533 1044 2650 ipsius,
1079 2531 1233 2619 racione
1253 2559 1485 2620 annonarum
1507 2532 1719 2635 missalium,
1740 2533 1897 2653 singulis
1916 2533 2024 2620 annis
2044 2531 2080 2622 io

471 2655 568 2742 lesto
593 2651 867 2770 purificaoionis
895 2650 1082 2770 predicto,
1109 2649 1257 2738 soluant
1284 2650 1469 2738 dimidiam
1499 2681 1712 2740 mensuram
1742 2652 1900 2769 siliginis
1914 2645 1956 2740 ,et
1977 2648 2078 2738 dimi
2150 2750 2157 2766 ,

472 2771 570 2860 diam
591 2801 712 2860 ouene
747 2772 884 2876 rectori
914 2771 1073 2858 ecelesia
1102 2770 1139 2855 in
1169 2775 1376 2878 erbooinu,
1406 2771 1442 2856 in
1463 2801 1537 2891 qua
1564 2769 1716 2858 audient
1744 2769 1869 2859 ollioia
1898 2767 2081 2861 diuinaet

392 2974 394 2980 ,
473 2891 678 3010 percipient
698 2890 1220 2978 eeclesiasticasacramenta.
1243 2887 1479 2976 Admittimus
1499 2889 1778 3010 insuper‚‘quod
1798 2889 1980 3008 scultetus
2000 2889 2082 3008 ipse
2159 2881 2165 2894 ’
2223 3003 2226 3008 Ι

473 3022 510 3098 et
530 3009 587 3097 sui
607 3011 747 3128 posteri
769 3011 805 3096 in
825 3006 956 3096 eadem
977 3007 1063 3111 villa
1084 3021 1213 3094 nostra
1233 3035 1327 3095 oues
1347 3007 1495 3095 habere,
1516 3023 1552 3096 et
1572 3038 1734 3126 pascere
1753 3008 1967 3126 specialiter
1986 3008 2080 3098 urlr'u

471 3130 648 3227 terminos
675 3127 842 3214 eiusdem
871 3126 1086 3218 hereditatis
1111 3127 1261 3214 valeant
1281 3126 1350 3214 abs
1372 3128 1453 3240 (sic)
1474 3125 1638 3247 dampno
1660 3129 1856 3241 cuiuslibet
1882 3123 2081 3247 erinperto

470 3261 606 3339 mente
637 3246 827 3335 Sooltetus
847 3247 998 3363 insuper
1018 3247 1098 3360 ipse
1119 3275 1203 3332 cum
1225 3248 1304 3334 suis
1324 3247 1504 3364 posteris,
1526 3277 1583 3334 ‚ao
1621 3246 1744 3335 incole
1764 3247 1850 3338 ville
1872 3247 1992 3364 ipsius
2012 3244 2081 3334 ho·

471 3397 597 3470 nores,
618 3367 821 3483 peticiones
842 3378 879 3452 et
893 3365 1062 3466 senrioia,
1079 3367 1180 3451 iuxta
1201 3365 1507 3457 consuetudinem
1523 3381 1621 3453 terre
1641 3367 1784 3453 otiaris
1799 3365 2079 3488 lleydliurgeut

471 3487 537 3589 sis,
556 3484 667 3571 nobis
688 3497 725 3569 et
744 3485 881 3571 nostris
907 3483 1194 3574 successoribus
1224 3483 1399 3571 exhibere
1429 3473 1751 3572 tenebuntuffln
1771 3486 1891 3572 ouius.
1906 3483 2081 3574 rei'tosti

471 3605 644 3705 monium,
666 3616 861 3719 presentes
883 3604 1007 3690 literas
1028 3604 1097 3690 sibi
1119 3601 1199 3689 dari
1219 3603 1387 3708 lecimus,
1407 3618 1539 3690 nostro
1560 3604 1642 3714 (dc)
1665 3619 1702 3690 et
1718 3603 1869 3722 capituli
1897 3603 2016 3692 nostri
2035 3602 2081 3692 sie

401 3775 406 3784 ·
470 3722 643 3844 gilloruro
675 3723 870 3810 munimine
887 3722 1109 3809 roboratas.
1147 3721 1282 3808 Actum
1314 3738 1351 3808 et
1381 3719 1507 3808 dotum
1540 3722 1575 3808 in
1606 3731 1786 3830 Roozenr,
1817 3723 1870 3810 Χ·
1901 3718 2081 3812 kalendas

470 3843 610 3930 mensis
618 3839 796 3958 lanuarij‚
807 3871 906 3928 anuo
922 3839 1059 3928 domini
1076 3840 1270 3928 millesimo
1288 3831 1415 3927 CCC⁰
1434 3839 1521 3928 XL⁰
1536 3840 1598 3927 ll⁰.
1614 3841 1860 3956 ¹Presantiluus,
1880 3837 2080 3956 honorulrip

471 3961 567 4049 libus
589 3973 627 4048 et
646 3959 819 4047 discretis
840 3962 938 4070 viris,
957 3958 1116 4047 dominis
1132 3959 1310 4046 iratribus
1333 3962 1487 4048 nostris:
1511 3959 1666 4048 Alherto
1688 3962 1893 4078 preposito,
1909 3959 2082 4048 lullanae

472 4079 830 4198 decano,Bogulalo
851 4072 1250 4182 scolastieo‚Borislao
1270 4079 1560 4196 archidyacono,
1576 4078 1952 4187 wladislauieosiltusr
1970 4079 2081 4168 duro,

472 4199 553 4288 sluo
574 4201 775 4316 preposito,
797 4198 1005 4288 Trebeslao
1026 4197 1191 4304 decano,
1214 4196 1398 4315 Troyono
1412 4197 1635 4314 scolastico,
1656 4199 1892 4318 Sandywoio
1914 4194 2082 4302 custode,

383 4407 391 4426 ,
473 4317 797 4422 orusuiciensibus‚
818 4333 857 4405 et
876 4319 1067 4407 canonicis
1088 4316 1341 4422 ecclesiarum,
1363 4345 1447 4406 oum
1468 4320 1603 4408 ceteris
1620 4317 1695 4407 lide
1715 4318 1851 4438 dignis.
2069 4361 2076 4404 i
