4878 5942
1049 795 1424 876 ηομ-ψ

1069 1023 1300 1238 ccxciii.

510 1299 834 1432 mulctae,
859 1329 1017 1420 aaran
1042 1331 1187 1420 1555
1209 1333 1309 1419 alte
1333 1331 1370 1418 5
1395 1350 1539 1474 nien.
1563 1333 1857 1422 datiuum.

370 1540 597 1618 aanor
615 1486 819 1615 cuiun·
831 1535 1038 1610 ineam·
1058 1533 1186 1609 lnlm
1205 1533 1389 1627 insania,
1411 1534 1519 1610 ruini
1535 1535 1652 1607 siaa
1665 1534 1874 1628 innuen
1887 1533 2000 1614 miii

551 1641 721 1716 nunciati
736 1639 892 1736 propni-
906 1639 947 1714 ιδ
960 1637 1168 1735 nutritae
1183 1637 1391 1712 aicium·
1404 1637 1570 1712 imurrn
1598 1653 1673 1710 circ
1686 1639 1756 1711 riitt
1770 1639 1818 1724 (¹).

474 1826 658 1917 Nouerint
678 1827 842 1914 uniuersi
862 1843 1060 1946 presentes
1081 1827 1210 1915 literas
1231 1828 1445 1945 inspecturi:
1492 1825 1611 1941 Quod
1632 1855 1705 1918 nos
1726 1826 1923 1914 Jcliannes
1939 1855 2001 1914 ca·

333 2025 336 2030 ,
374 1945 556 2036 stellantis
575 1942 851 2048 Lanciciensis,
884 1945 975 2032 visis
995 1946 1202 2066 priuilegijs
1223 1958 1262 2031 et
1281 1943 1423 2030 iuribus
1443 1975 1491 2031 ac
1513 1945 1742 2033 libertatibus
1763 1944 1903 2032 dcinini
1922 1945 2001 2062 epi·

372 2065 480 2181 scapi
500 2080 538 2150 et
557 2063 721 2150 ecclesia
740 2091 810 2148 suc
830 2061 1144 2152 wladislauiensis
1182 2093 1299 2182 super
1318 2062 1405 2148 villa
1427 2093 1496 2149 sua
1516 2053 1671 2152 Sedlczi
1691 2063 1887 2181 wlgariter
1910 2093 2001 2148 nun·

373 2198 526 2298 cupata‚
558 2181 627 2268 sita
649 2181 685 2268 in
707 2197 806 2268 terra
829 2179 1071 2288 lanciciensi,
1104 2180 1264 2268 eandem
1287 2181 1408 2269 villain
1439 2186 1593 2270 Sedlcze
1621 2182 1672 2268 ab
1694 2181 1794 2267 cmiii
1814 2180 2000 2267 iuridicin-

373 2330 438 2404 ne,
469 2297 606 2386 iudicio
639 2299 957 2416 acinipeticinnc
987 2300 1205 2389 castellania
1235 2300 1349 2386 castri
1380 2299 1638 2404 lanciciensiS,
1667 2327 1766 2412 pena
1796 2328 1864 2384 scu
1894 2299 2002 2415 penis
2101 2370 2108 2384 .

372 2415 606 2622 capitalibus,
627 2417 708 2503 siue
729 2417 799 2534 ipsi
819 2415 929 2502 aliurn
952 2413 1138 2518 occidant,
1160 2415 1242 2503 siue
1262 2445 1392 2502 eorum
1414 2415 1550 2534 aliquis
1563 2447 1632 2535 per
1646 2417 1756 2503 alium
1773 2429 2002 2520 extraneum,

373 2563 421 2621 ue
463 2535 561 2622 inter
589 2563 633 2622 sc
661 2535 765 2653 ipsos
792 2534 938 2650 ipsimet
957 2548 1086 2621 niutuc
1107 2531 1304 2637 occidant,
1336 2564 1404 2620 seu
1426 2535 1544 2620 aciani
1576 2534 1814 2630 occidantur,
1845 2535 2002 2624 facimus

282 2699 291 2708 ·
372 2652 527 2740 liberam
548 2667 585 2740 et
605 2664 817 2768 exemptam
837 2650 874 2737 in
894 2651 965 2768 hijs
986 2652 1147 2770 scriptis.
1197 2649 1240 2736 ln
1262 2651 1368 2736 cuius
1389 2652 1444 2738 rei
1466 2653 1725 2756 testiinonium,
1748 2653 1779 2738 si
1812 2649 1910 2736 illurn
1933 2681 2001 2738 iio·

372 2785 489 2858 strum
517 2769 755 2886 presentibus
777 2781 834 2854 est
864 2769 1085 2885 appensum.
1146 2768 1283 2855 Datum
1314 2769 1350 2854 in
1381 2775 1568 2874 Lanci’ct'c,
1590 2770 1625 2855 in
1647 2769 1773 2888 vigilia
1828 2767 2001 2886 piphanie

372 2885 527 2994 domini,
559 2916 660 2975 auno
679 2885 820 2974 domini
842 2887 1034 2975 niillesimu
1058 2885 1289 2977 CCG⁰L.⁰V·.

340 3059 344 3066 ’
471 3103 513 3190 (¹)
540 3103 590 3171 ux
604 3103 766 3192 aucupa
780 3103 1011 3202 mummia
1028 3103 1170 3172 aliun
1184 3103 1305 3192 apicii
1317 3101 1589 3171 wiiiiniiiiiic.
1603 3102 1742 3254 saprum
1757 3123 1924 3190 ippiiiiii
1938 3113 2000 3172 iic

372 3187 454 3288 uiola
472 3209 656 3287 pergamena
677 3189 798 3258 exbibet
818 3196 937 3256 scutum
957 3189 1156 3275 triangulare,
1178 3189 1209 3256 in
1229 3189 1314 3278 cujus
1334 3189 1437 3258 madio
1462 3189 1581 3276 insigna
1594 3189 1716 3256 Dciwa
1730 3187 1843 3256 dictum
1858 3189 2000 3257 cernitur.

371 3271 625 3362 &inscriptione
640 3273 761 3344 nonnisi
776 3295 835 3342 iux
847 3272 1006 3354 „lucania”
1021 3273 1082 3362 lagi
1095 3281 1205 3364 potast-

1068 3615 1075 3626 ·
1114 3555 1248 3676 000.

555 3794 843 3894 ltactcnat,
861 3813 1017 3882 annu
1042 3791 1186 3881 1355
1230 3793 1324 3879 «lte
1348 3791 1429 3882 26
1443 3792 1646 3898 maneta
1661 3793 1825 3880 aaut.

226 4043 231 4056 -
372 3993 594 4072 mathias
615 3997 790 4090 tribracis
811 3996 1007 4094 buinaria
1027 4014 1121 4072 isara
1138 4013 1219 4072 cira
1240 3995 1308 4072 siri
1322 3995 1472 4089 tibiura
1491 3995 1662 4070 tutantia
1678 3993 1831 4070 eccbiiii
1845 3993 1874 4068 0
1888 3991 2002 4068 lanii

371 4097 725 4178 nominationis
740 4098 893 4174 ibanbiu
913 4101 1100 4176 naamam
1124 4093 1352 4188 consecranda,
1375 4096 1728 4172 cunibuiinteeaitcn
1743 4094 1859 4169 altana
1879 4094 2005 4188 piacita
2037 4103 2038 4106 ‘

621 4199 835 4295 pacnuti
849 4199 969 4276 uterini
981 4199 1171 4276 luctatibus
1185 4199 1245 4272 iit
1257 4199 1380 4274 rouen
1394 4198 1577 4273 trtctcrun
1587 4197 1752 4288 utinm

644 4419 736 4507 Leup.
750 4439 777 4485 v.
795 4419 934 4487 Ladebur
947 4421 1066 4498 „Neues
1082 4419 1155 4505 nug.
1174 4417 1293 4488 Archiv.
1309 4417 1357 4485 fiir
1372 4417 1421 4484 ilie
1436 4415 1614 4484 Geschichtc
1628 4419 1769 4484 Prouss“
1783 4420 1818 4484 T.
1835 4419 1870 4485 ll.
1884 4439 1911 4505 p.
1929 4418 2001 4485 304.
