4896 5926
1011 729 1287 810 —tao-

1018 991 1278 1115 cuxxtttu

389 1265 738 1372 vntqtoutuc,
765 1283 921 1354 muno
947 1259 1095 1352 1301
1120 1263 1214 1352 rtte
1238 1261 1316 1350 1⁰
1342 1261 1543 1352 meum
1567 1261 1908 1352 Novembris.

332 1467 556 1542 lacobus
570 1465 827 1560 orneoscopos
842 1465 1343 1654 hommmtpqltpp
1353 1465 1484 1556 hepone
1497 1481 1566 1539 oon
1576 1463 1653 1540 villa
1667 1465 1838 1537 lintoolo«
1850 1465 1960 1542 nubtis

1148 1583 1225 1658 Μ
1329 1616 1338 1633 ·

431 1773 475 1862 ln
494 1773 643 1863 nomine
659 1770 809 1879 domini,
829 1801 949 1861 amen.
988 1767 1072 1860 Nos
1090 1771 1275 1882 lacobus,
1296 1771 1422 1862 diuina
1441 1774 1688 1862 miseracione
1708 1773 1960 1893 archiepisco-

330 1921 403 2012 pus
428 1891 659 2014 gneznensis
686 1889 866 1995 ecclesie,
895 1903 1023 1984 notum
1050 1890 1208 1982 iacimus
1233 1891 1417 1984 uniuersis
1444 1905 1642 2009 presentes
1661 1891 1789 1982 literas
1809 1893 1959 2014 inspec-

331 2010 442 2100 turisz
473 2007 576 2128 quod
597 2005 921 2096 melioracionibus
946 2007 1131 2098 honorum
1157 2008 1318 2100 ecclesie
1345 2007 1537 2098 intendere
1565 2009 1777 2128 cupientes,
1805 2009 1961 2100 fratrum

329 2143 566 2234 nostrorum,
596 2125 746 2247 capituli
765 2126 937 2218 videlicet
956 2128 1204 2248 gneznensis,
1230 2128 1388 2222 oonsilio
1408 2127 1535 2218 habito
1562 2128 1704 2246 pariter
1728 2139 1767 2219 et
1784 2157 1960 2236 mensu,

331 2276 417 2340 oum
444 2243 661 2334 Zemakone
690 2245 800 2334 milite
827 2259 865 2336 at
884 2247 964 2336 suis
990 2246 1209 2352 heredibus,
1239 2247 1555 2363 permutacionem
1576 2245 1743 2334 uillarum
1764 2275 1833 2334 seu
1852 2245 1960 2336 here-

330 2363 484 2470 ditatum
510 2364 665 2452 lecimus
692 2363 998 2482 subscriptarum.
1048 2363 1105 2451 lta
1135 2363 1238 2484 quod
1266 2364 1316 2452 ab
1343 2365 1428 2482 ipso
1456 2377 1494 2453 et
1514 2363 1593 2452 suis
1612 2361 1816 2454 heredibus
1835 2362 1960 2454 villam

330 2513 399 2572 seu
429 2479 674 2568 hereditatem
704 2487 909 2595 Ibrcouiey
939 2481 1135 2602 wlgariter
1162 2494 1438 2599 nuncupatam,
1473 2481 1645 2570 situatam
1676 2481 1713 2568 in
1741 2480 1960 2573 castellania

329 2603 605 2718 ephemerum,
642 2599 857 2718 contiguam
886 2597 972 2688 villo
1004 2613 1134 2686 nostro
1169 2604 1390 2712 Turcouicy,
1426 2599 1484 2686 sio
1511 2597 1630 2684 eciam
1659 2613 1872 2716 nuncupate
1892 2595 1958 2714 (²),

329 2718 541 2837 recepimus
571 2745 666 2820 oum„
684 2716 925 2835 pertinencijs
950 2715 1068 2833 ipsius
1093 2743 1142 2802 ac
1167 2716 1380 2804 utilitatibus
1407 2713 1600 2822 omnibus,
1628 2743 1775 2831 quecun
1805 2745 1853 2802 ue
1872 2732 1960 2808 sunt

328 2838 371 2934 in'
387 2835 520 2924 eadem
542 2849 579 2922 et
598 2863 685 2922 esse
705 2847 879 2952 poterunt
908 2835 944 2922 in
964 2835 1141 2922 loturum:
1171 2835 1242 2923 sibi
1261 2847 1386 2922 autern
1406 2845 1445 2920 et
1464 2833 1543 2922 suis
1562 2831 1726 2952 posteris
1745 2745 1870 2920 villam
1890 2862 1959 2922 seu

328 2953 572 3042 hereditatem
607 2953 770 3042 ecclesie
799 2965 929 3040 nostre
958 2953 1189 3074 gneznensis
1218 2959 1372 3068 lopouo
1403 2950 1540 3040 dictam
1568 2947 1643 3066 (³),
1677 2951 1715 3038 in
1741 2949 1958 3042 castellania

324 3073 476 3192 iuuenis
495 3069 745 3160 Wladislauie
765 3071 893 3177 sitam,
922 3071 1073 3159 nomine
1100 3071 1389 3190 permutacionis
1416 3068 1639 3158 donauimus
1668 3083 1706 3157 ot
1724 3067 1957 3180 tradidimus,

330 3217 378 3280 ac
397 3191 516 3279 eciam
536 3190 833 3310 assignauimus,
863 3203 1046 3308 perpetuo
1066 3187 1352 3307 possidendam,
1382 3217 1468 3276 cum
1487 3188 1659 3276 omnibus
1679 3187 1844 3276 similiter
1862 3187 1955 3276 utili-

330 3307 485 3415 tatibus,
513 3337 737 3428 quecunque
763 3320 850 3394 sunt
878 3307 915 3395 et
934 3337 1023 3396 esse
1049 3321 1223 3424 poterunt
1247 3309 1284 3396 in
1305 3304 1450 3394 eodem.
1499 3304 1550 3394 Et
1578 3306 1754 3425 quoniam
1780 3305 1867 3394 villa
1886 3336 1967 3396 seu

330 3425 519 3516 hereditas
550 3427 743 3515 memorati
772 3425 893 3513 militis
922 3423 1147 3512 Zemohonis
1177 3455 1265 3514 esso
1294 3425 1426 3515 melior
1452 3422 1669 3532 videbatur,
1700 3423 1772 3511 sibi
1801 3425 1957 3544 suisque

329 3544 493 3669 posteris
526 3543 563 3630 in
584 3543 880 3662 supplementum
908 3541 1120 3630 addidimus
1146 3558 1184 3631 et
1203 3543 1383 3632 soluimus
1412 3541 1622 3661 quindecim
1642 3569 1794 3630 marcos
1814 3541 1956 3632 usualis

329 3661 489 3798 argenti.
539 3660 592 3748 Ut
616 3676 739 3748 autern
769 3663 863 3750 inter
892 3691 965 3750 nos
994 3675 1032 3749 et
1050 3661 1232 3780 prelatum
1260 3661 1426 3767 militem,
1456 3689 1529 3748 nec
1549 3689 1623 3748 non
1645 3689 1738 3750 suos
1764 3673 1955 3777 posteros,

329 3776 540 3868 huiusmodi
559 3781 789 3898 permotaoio
810 3781 845 3867 in
894 3793 1086 3897 erpetuum
1107 3793 1337 3898 perseueret,
1358 3793 1395 3868 et
1414 3777 1512 3867 nullo
1533 3807 1649 3898 super
1669 3777 1802 3866 eadem
1823 3777 1954 3867 dubie-

330 3909 390 3987 tas
418 3897 576 4005 oriatur,
610 3912 806 4016 presentes
836 3810 906 3984 sihi
935 3899 1177 4003 contulimus,
1211 3898 1418 4018 sigillorum
1447 3898 1566 3988 nostri
1595 3913 1633 3984 et
1658 3895 1807 4013 capitoli
1837 3895 1956 3984 nostri

329 4013 487 4136 predicti
530 4018 726 4104 munimine
761 4015 975 4104 roboratas.
1030 4017 1167 4103 Actum
1206 4031 1242 4103 et
1270 4014 1397 4102 datum
1432 4028 1523 4133 aput
1557 4013 1657 4125 (sic)
1702 4019 1878 4126 Uneyou,
1915 4013 1952 4100 in

430 4262 470 4347 (¹)
497 4262 544 4330 Ex
565 4263 726 4412 orchetppo
747 4265 977 4332 membranaceo
998 4262 1029 4328 in
1044 4261 1190 4330 tabulario
1204 4261 1325 4346 capituli
1339 4261 1779 4360 wladislaudonsisoasseruuto.
1814 4259 1952 4348 Sigillum

329 4345 583 4500 mdiaqssmno
604 4368 642 4414 ex
673 4367 753 4432 ongo
773 4347 954 4423 rotundum,
975 4365 1140 4432 apmooum
1156 4345 1287 4414 funiculo
1301 4366 1397 4412 serron
1410 4345 1511 4421 urrrdrs
1525 4345 1633 4415 eoloris
1645 4343 1766 4415 exuto
1778 4345 1953 4432 episcopum

328 4431 426 4498 nolioi
467 4430 475 4445 ‘
516 4440 614 4511 ntem,
635 4429 729 4498 inhrlu
742 4439 897 4508 ornanum,
917 4430 1024 4498 lihnrm
1045 4430 1111 4496 loun
1129 4449 1223 4500 manu
1242 4435 1409 4507 cenenum,
1431 4429 1566 4498 doxtrum
1581 4450 1653 4499 raro
1667 4449 1792 4502 manum
1805 4437 1952 4504 uranum

328 4513 500 4582 habentem.
534 4517 710 4584 Inscribimr
723 4522 839 4582 autem:
860 4539 906 4593 „a
919 4513 1019 4580 toeobr⁸
1031 4514 1081 4585 dei
1090 4537 1157 4602 pro
1171 4535 1219 4582 ace
1230 4535 1281 4601 pa
1295 4563 1303 4578 .
1318 4558 1326 4580 .
1340 4561 1348 4580 .
1363 4535 1427 4585 acce
1440 4513 1569 4602 orchept
1583 4561 1591 4580 .
1605 4512 1652 4582 ..”
1685 4512 1817 4586 Alterius
1832 4511 1951 4602 abrupti

328 4600 684 4687 sigillireatsthmiculns
697 4601 810 4668 sarium
823 4599 906 4668 rubri
920 4599 1035 4666 coloris.
1692 4621 1727 4628 ¹·

429 4684 468 4772 (²)
500 4687 670 4754 stomoma
683 4685 752 4768 villa
765 4685 907 4754 territorii
921 4691 952 4752 et
964 4683 1095 4781 regionis
1110 4681 1313 4762 dumiensis,
1336 4679 1514 4772 spiam
1536 4681 1676 4760 temitomi
1696 4681 1885 4758 wulflntit
1902 4703 1951 4762 te·

328 4768 1163 4857 gionisrnmWurtonsiaotperoohiuellnieroviamin.
1749 4815 1750 4818 ,

428 4853 469 4940 (³)
496 4855 594 4924 Hodie
608 4856 677 4924 uilla
690 4853 827 4942 Zapowo
841 4853 981 4924 territorii
995 4851 1216 4933 Posnunionsis,
1229 4853 1360 4939 regionis
1374 4873 1446 4922 vero
1461 4851 1622 4922 Costensis.
