4926 5940
1078 720 1352 800 -tot-

399 959 481 1018 rum
500 927 702 1047 quemlibet
719 927 787 1032 sic,
807 925 1090 1045 utpremitt'nur,
1110 928 1379 1045 participantes
1393 937 1431 1014 et
1446 921 1764 1012 contrafacientes
1774 929 2026 1044 exuonc'pro·

401 1063 443 1135 ut
460 1061 608 1153 extum,
630 1046 731 1134 dicta
745 1073 815 1133 sex
829 1043 973 1134 dierum
989 1045 1199 1146 monitione
1209 1043 1394 1132 canonica
1410 1042 1605 1162 premissa,
1622 1043 2027 1134 excommunicacionis

402 1167 631 1256 sentenciam
646 1164 803 1252 ferimus
823 1165 859 1251 in
878 1162 950 1280 hijs
969 1163 1121 1282 scriptis
1139 1178 1178 1253 et
1197 1164 1315 1250 eciam
1336 1159 1632 1279 promulgamus.
1691 1158 1744 1246 Et
1767 1159 2027 1252 nichilominus

402 1313 474 1375 vus
494 1298 531 1372 et
550 1283 723 1404 singulos
743 1281 981 1399 supradictos
997 1295 1034 1368 et
1048 1282 1243 1399 prasertim
1264 1279 1545 1366 ecclesiasticas
1560 1306 1758 1396 personae,
1770 1275 1938 1396 modoet
1952 1278 2027 1368 fcr-

401 1431 464 1490 ma
492 1401 697 1519 premissis,
725 1399 867 1506 acsub
888 1400 995 1517 penis
1017 1399 1273 1515 infrascriptis,
1299 1395 1522 1516 requirimus
1549 1411 1586 1483 et
1605 1425 1820 1502 monemus,
1851 1397 2026 1514 quatinus

403 1519 561 1637 siugulis
584 1517 717 1607 diebus
744 1516 940 1605 dominicis
968 1532 1007 1604 et
1033 1517 1187 1622 festivis,
1212 1527 1323 1634 prout
1345 1529 1382 1602 et
1401 1515 1584 1624 quociens
1604 1512 1810 1632 expediens
1829 1513 1970 1620 fuerit,¹
1988 1529 2027 1604 et

402 1637 545 1726 fueritis
564 1637 740 1748 requisiti,
758 1665 826 1724 sau
847 1633 943 1722 alter<
959 1651 1125 1722 vestrum
1145 1633 1253 1722 fuerit
1272 1633 1492 1750 requisitus,
1512 1633 1550 1719 in
1570 1633 1707 1721 vestris
1723 1631 1913 1750 eoolesijs,
1945 1661 2026 1721 mc·

403 1755 577 1872 uastarijs
606 1769 643 1842 et
671 1753 879 1870 cappellis,
919 1752 1014 1840 infra
1047 1753 1246 1840 missarum
1283 1763 1321 1836 et
1351 1750 1507 1838 aliarum
1543 1751 1720 1837 horamm
1756 1751 2026 1838 canonicarum

292 1933 301 1947 ,
403 1871 609 1977 sollemnia,
629 1873 795 1990 prefatos
814 1870 950 1966 Christi
970 1867 1103 1958 fideles
1122 1871 1323 1957 familiares
1343 1880 1381 1958 et
1396 1869 1616 1976 servitores,
1638 1870 1805 1986 quicum
1828 1867 1937 1956 dictis
1958 1867 2026 1956 de·
2115 1932 2116 1940 κ

402 1979 603 2090 nunciatis,
634 1990 859 2110 aggravatis
880 2003 917 2076 et
936 1989 1204 2108 reeggravatis
1219 1986 1406 2074 rebelliter
1432 1987 1747 2104 participaverint,
1769 1987 2024 2074 excommuni-

403 2120 514 2196 catos
534 2107 683 2225 publice
704 2106 946 2211 denuncietis,
968 2123 1005 2196 et
1019 2107 1073 2193 ah
1095 2107 1178 2223 alijs
1199 2105 1337 2192 Christi
1352 2103 1524 2192 fidelibus
1544 2107 1693 2193 arccius
1714 2105 1797 2217 (sic)
1819 2105 1947 2222 evitaq'
1969 2106 2025 2191 fa-

403 2225 519 2330 cietis,
537 2223 661 2314 donec
681 2241 718 2314 at
733 2253 930 2343 quousque
939 2223 1160 2312 beneficium
1174 2223 1429 2310 absolucionis
1445 2220 1611 2341 desuper
1627 2223 1828 2320 meruerint
1844 2223 2024 2312 obtinere.

402 2341 589 2431 Volumus
604 2358 741 2445 autem,
759 2357 806 2446 et,
822 2342 923 2428 dicta
943 2341 1164 2427 auctoritate
1174 2341 1394 2458 apostolice,
1409 2340 1581 2426 omnibus
1593 2339 1731 2428 Christi
1750 2339 1924 2428 fidelibus
1940 2371 2026 2459 pre-

403 2460 571 2576 cipimus,
591 2489 639 2548 ao
660 2457 772 2544 modo
794 2473 831 2545 et
849 2455 971 2543 forma
992 2457 1186 2573 premissis
1205 2455 1449 2562 mandamus,
1470 2455 1541 2542 sub
1561 2457 1668 2573 penis
1689 2471 1724 2543 et
1746 2459 1950 2574 sentencijs
1970 2460 2027 2545 in-

351 2677 355 2685 ,
402 2577 630 2694 frascriptis,
662 2608 710 2663 ne
731 2573 864 2687 aliquis
885 2603 1014 2660 eorum
1050 2573 1160 2660 dictis
1180 2572 1429 2678 denuncietis,
1460 2573 1685 2690 aggravatis
1722 2586 1760 2660 et
1789 2603 2026 2691 reaggrava-
2096 2635 2100 2646 -

402 2694 460 2802 tis,
481 2694 659 2813 quamdiu
684 2695 722 2781 in
751 2692 963 2784 huiusmodi
991 2691 1196 2780 rebellione
1221 2691 1449 2810 perstiterint
1474 2703 1512 2778 et
1532 2687 1687 2778 obedire
1706 2719 1782 2777 non
1804 2691 2026 2796 curaverint,

404 2843 520 2932 super
540 2813 677 2900 debitis
697 2825 761 2899 aut
781 2813 864 2930 alijs
885 2811 1056 2931 negooijs
1076 2811 1112 2896 in
1133 2811 1217 2897 furo
1237 2809 1495 2898 eeclesiastico
1527 2809 1588 2896 vel
1608 2809 1770 2925 secularj
1792 2806 2027 2926 respondere
2186 2895 2189 2902 ,

404 2947 615 3048 presumat,
647 2929 718 3018 sed
750 2931 828 3036 eis,
860 2945 901 3016 ut
928 2929 1165 3047 premittitur,
1195 2926 1420 3028 rebellibus,
1456 2927 1578 3014 omnis
1593 2927 1699 3044 ¹juris
1716 2925 1825 3035 ordo
1853 2941 1891 3014 et
1916 2939 2026 3016 actus

397 3047 618 3164 judiciarius
647 3047 888 3165 precludatur
914 3061 951 3137 et
977 3059 1157 3166 negetur,
1188 3075 1261 3134 nec
1289 3045 1661 3161 eorum·testimonijs
1681 3042 1777 3134 fides
1792 3041 2026 3134 adhibeatur:

403 3167 474 3283 ipsi
495 3179 620 3254 temen
641 3166 724 3284 alijs
744 3164 960 3254 omnimodo
979 3164 1216 3282 respondere
1235 3178 1442 3252 teneantur.
1629 3190 1631 3192 ’

505 3283 687 3372 Preterea
709 3284 742 3372 si
762 3285 895 3402 prefati
924 3280 1155 3384 denunciati,
1185 3283 1386 3400 aggravati
1415 3293 1454 3368 et
1479 3283 1724 3400 reaggravati
1753 3312 1822 3400 per
1842 3278 2025 3370 aliosde·

405 3431 487 3488 cem
509 3401 602 3508 dies,
623 3402 794 3518 proxime
815 3401 939 3508 dictos
969 3398 1103 3489 decem
1123 3400 1205 3488 dies
1231 3399 1429 3487 inmediate
1455 3411 1679 3532 seqqentes,
1710 3415 1911 3518 postquam
1932 3429 2025 3488 con·
2161 3481 2168 3502 ,

406 3519 538 3607 stiterit
565 3518 777 3608 huiusmodi
805 3519 1172 3638 reaggravacionem
1202 3517 1252 3604 ad
1282 3519 1449 3635 ipsorum
1470 3518 1644 3606 noticiam
1666 3519 1907 3634 pervenisse,
1939 3547 2025 3634 pre·

405 3634 526 3723 dictas
546 3653 699 3724 nostras
727 3639 941 3727 sentencias
962 3637 1219 3740 sustinuerint,
1240 3635 1290 3723 ad
1311 3634 1463 3722 modum
1490 3634 1663 3751 aspidum
1684 3635 1882 3723 surdarum
1913 3659 2026 3722 aures·

404 3783 495 3842 suas
516 3754 785 3860 obturoncium,
805 3785 854 3844 ne
874 3783 1007 3842 vocem
1023 3752 1177 3842 audiant
1195 3754 1433 3856 incantantis,
1450 3783 1522 3840 nos
1542 3755 1638 3841 enim
1660 3783 1808 3842 emuna
1827 3767 1939 3871 prout
1956 3783 2026 3838 ex-

405 3884 504 3976 tunc,
525 3872 642 3988 lapsis
664 3873 828 3961 terminia
848 3870 1058 3976 antedictis,
1080 3873 1260 3976 civitatee,
1282 3884 1423 3975 terras,
1440 3861 1572 3988 cpida,
1594 3885 1731 3976 cestre,
1752 3873 1868 3974 villas,
1889 3868 2024 3957 subur·
2088 3965 2091 3972 ,

403 3986 484 4092 bia,
506 4007 542 4075 et
563 4020 882 4110 quarumcumque
902 3991 1144 4078 ecclesiarum
1166 4003 1204 4075 et
1222 3990 1533 4080 monasteriorum
1550 3989 1713 4105 collegia
1733 4001 1770 4075 et
1790 3986 2025 4104 parrochias,

405 4119 444 4191 et
461 4107 687 4222 generaliter
706 4109 802 4208 loca,
823 4111 860 4193 in
875 4121 913 4191 et
926 4107 996 4192 sub
1018 4105 1153 4222 quibus
1173 4103 1295 4191 dictos
1316 4105 1577 4208 denunciatos‚
1598 4117 1834 4223 aggravatos
1856 4119 1893 4192 et
1912 4133 2025 4222 reag-

404 4235 606 4342 gravatos,
627 4237 691 4310 aut
710 4250 840 4314 eorum
860 4223 1016 4308 alterum
1043 4221 1199 4337 morarj,
1229 4233 1268 4310 at
1286 4219 1336 4308 ad
1358 4251 1472 4340 ques,
1502 4250 1571 4308 seu
1593 4251 1683 4340 que,
1704 4251 1773 4310 eos
1803 4253 1871 4311 seu
1894 4243 2026 4309 eorum

404 4339 561 4428 alterum
588 4338 778 4428 declinare
798 4340 1012 4542 contiqerit,
1044 4338 1220 4456 quamdiu
1240 4337 1377 4426 ibidem
1409 4340 1545 4426 fuerint
1570 4371 1639 4428 seu
1660 4341 1768 4428 fuerit
1808 4369 1937 4428 eorum
1968 4327 2025 4427 al·

250 4460 254 4468 “
405 4469 473 4559 ter,
507 4459 545 4544 in
564 4457 635 4575 hijs
663 4457 813 4574 scriptis
842 4486 912 4544 ecc
926 4457 1102 4544 esiastico
1141 4457 1387 4575 supponimus
1411 4456 1629 4564 interdicto,
1661 4458 1885 4546 mandantes
1915 4457 2025 4546 vobis

404 4574 575 4663 omnibus
596 4591 632 4664 et
652 4574 828 4695 nugulis,
848 4573 961 4662 modo
982 4588 1020 4662 et
1039 4574 1158 4663 forma
1178 4576 1381 4693 premissis,
1403 4605 1451 4664 ao
1471 4575 1542 4662 sub
1559 4578 1671 4692 penis
1686 4592 1723 4665 et
1742 4577 1946 4694 sentencijs
1968 4577 2024 4664 in·

400 4692 628 4808 froscriptis,
661 4694 834 4811 quatinus
863 4707 1011 4799 extunc,
1033 4692 1209 4810 quamdiu
1241 4692 1328 4809 dictj
1359 4692 1597 4799 denunciati,
1624 4695 1826 4815 aggravati
1854 4710 1890 4782 et
1909 4719 2024 4828 reeg-

397 4811 565 4927 gravati,
600 4826 664 4938 aut
684 4841 815 4900 corum
851 4809 985 4926 aliquis
1017 4812 1054 4898 io
1081 4809 1175 4901 locis
1210 4810 1390 4930 predictis
1424 4811 1574 4917 fuerint,
1605 4814 1764 4903 cessetis
1800 4812 1927 5001 salrab·
1941 4812 2024 4929 abjs
