4926 5940
1135 779 1180 794 -
1230 715 1311 820 'arc
1365 781 1406 794 -

461 956 664 1034 consuetas
684 941 909 1050 ministrare,
930 955 1041 1059 prout
1061 942 1121 1060 alij
1143 941 1328 1060 capitanei
1348 941 1619 1032 ministrabant
1646 941 1917 1036 Condicionem
1947 975 1993 1036 ua
2013 961 2088 1036 taur

462 1079 562 1152 terre
582 1060 836 1168 dubriueusis,
867 1090 979 1179 quem
1000 1060 1185 1152 bunururn
1206 1060 1459 1178 predictorum
1481 1075 1519 1150 et
1537 1059 1761 1150 allodiorum
1788 975 2089 1158 acediticierum

461 1179 629 1272 eiusdem
650 1181 927 1299 capitaneatus,
959 1209 1029 1297 pru
1051 1205 1168 1299 posse
1189 1207 1274 1270 nnec
1294 1181 1471 1299 prcurittu
1491 1180 1619 1269 lacere
1640 1180 1844 1270 rueliureru.
1889 1183 1931 1270 Si
1951 1197 2088 1288 auteur,

462 1297 565 1418 quud
585 1297 702 1400 absit,
733 1300 857 1416 alique
876 1329 1017 1418 guerre
1038 1298 1097 1388 uel
1118 1298 1277 1388 insultus
1305 1299 1536 1388 inimicorum
1551 1299 1665 1388 ‘terre
1698 1299 1939 1389 dubrincusis
1959 1302 2088 1390 imina·
2185 1377 2190 1388 .

460 1433 563 1522 rent,
594 1431 743 1525 extunc,
765 1417 985 1508 durantibus
1005 1415 1216 1506 huiusmodi
1232 1418 1413 1537 gwerris,
1444 1447 1468 1506 a
1490 1416 1686 1530 solucione
1706 1416 1888 1508 dictarum
1910 1418 2088 1538 quadrin-

459 1551 659 1657 gentarum
681 1565 893 1628 marcarum
921 1537 1009 1628 volu
1030 1535 1111 1624 fieri
1136 1535 1283 1626 solutus
1301 1549 1415 1654 atqua
1437 1535 1540 1626 liber.
1584 1535 1747 1640 Harum,
1770 1537 1906 1654 quibus
1925 1537 2088 1658 sigillum

460 1683 583 1744 meum
604 1670 663 1742 est
682 1683 911 1774 appensum,
941 1655 1152 1746 testiruunic
1182 1655 1383 1744 literarum.
1434 1652 1575 1743 Datum
1602 1657 1639 1742 in
1658 1661 1774 1742 Brest
1791 1661 1995 1743 Ruttcm'cn
2014 1651 2087 1766 (³),
2140 1667 2143 1678 ‘

459 1773 551 1861 leria
573 1773 893 1891 quintapruxima
913 1785 1000 1890 pust
1018 1775 1155 1862 lesturu
1175 1773 1295 1864 sancti
1309 1772 1476 1878 Martini,
1497 1801 1598 1862 annu
1619 1772 1758 1862 damini
1780 1771 1969 1862 millesimo
1990 1801 2086 1892 qun-

459 1889 754 2011 dringentesiuuu
775 1892 956 1982 vicesimo
977 1893 1117 2013 quintu.

562 2123 601 2208 (³)
629 2123 905 2192 Branammua
929 2124 994 2190 siue
1007 2125 1122 2194 Brastin
1143 2124 1282 2191 lituanica
1305 2125 1422 2208 (Brzalc
1435 2123 1575 2206 litawslri)
1589 2133 1678 2213 caput
1691 2125 1864 2212 provinciae
1877 2123 2013 2213 ejusdem
2035 2146 2088 2192 na

460 2207 558 2274 minis.
597 2207 641 2274 lbi
653 2229 735 2274 unna
753 2209 835 2274 1425
850 2208 1003 2276 ceteurnta
1014 2217 1085 2276 sunt
1099 2209 1228 2288 comitia,
1243 2208 1293 2276 die
1311 2211 1345 2275 ll
1363 2209 1539 2278 Novembris
1555 2209 1700 2276 inchoata.

1130 2497 1420 2622 CCCLXXV.
1656 2635 1660 2641 ,

520 2728 944 2832 neocesareae,
972 2750 1129 2817 anno
1153 2729 1307 2818 naec
1333 2728 1710 2819 arcemanus
1732 2727 2024 2817 uanum

498 2931 726 3017 lomnes
744 2931 917 3026 lplrcupue
926 2932 1195 3010 utruuucuu
1208 2932 1404 3026 privilagio!
1416 2933 1587 3010 ccultattnc
1600 2932 1696 3010 rlttan
1712 2933 1832 3005 Semta
1844 2931 1975 3008 unum
1992 2931 2042 3018 t¹t

557 3123 601 3214 lu
621 3125 770 3214 numine
791 3122 948 3228 domini,
984 3154 1106 3214 amen.
1156 3123 1220 3216 Ad
1240 3139 1459 3248 perpetuam
1480 3127 1535 3214 rei
1555 3127 1784 3216 memoriam.
1835 3123 1921 3216 Nus
1940 3123 2082 3216 Julian»

337 3285 341 3296 ·
456 3253 540 3347 nes,
563 3239 624 3328 dei
644 3243 777 3361 gracia
796 3239 1012 3360 Episcopus
1034 3241 1384 3348 Wladislavieusis,
1415 3243 1673 3365 significamus
1694 3261 1826 3332 tenue
1847 3241 2082 3362 presencium

455 3362 591 3482 quibus
611 3359 763 3479 expedit
782 3363 966 3472 universis
988 3363 1223 3481 presentibus
1240 3377 1277 3452 et
1291 3365 1432 3470 luturis,
1448 3365 1686 3482 presencium
1703 3363 1879 3452 numina
1888 3360 2082 3450 tunna

456 3479 559 3598 quod
578 3479 792 3584 lohannes,
827 3479 1104 3570 Wenczeslaus
1125 3511 1210 3571 curu
1231 3481 1380 3570 Derslra
1401 3511 1537 3588 uxore,
1559 3479 1746 3568 Martinus
1768 3495 1807 3566 et
1826 3479 1964 3568 Petrus
1984 3477 2082 3565 scul-

456 3599 520 3684 teti
541 3597 591 3683 de
610 3601 774 3706 Soanta,
795 3599 1032 3691 villariense
1052 3613 1182 3688 nostre
1205 3599 1445 3720 Episcopalis
1466 3601 1502 3688 in
1523 3599 1692 3688 districtu
1713 3603 2014 3714 llcdaeycuianri
2029 3597 2083 3684 ia·

457 3729 585 3820 cente,
617 3727 655 3799 et
681 3715 730 3800 ad
760 3716 1016 3804 castellaniam
1046 3733 1214 3807 nestram
1243 3715 1544 3806 Rnczunecnscm'
1575 3717 1804 3837 pertinente,
1835 3715 1886 3805 ad
1915 3728 2083 3804 nostram

455 3829 650 3921 venientes
670 3833 923 3948 presenciam,
952 3833 1188 3954 privilegium
1209 3865 1325 3954 super
1345 3837 1510 3954 ipsarum
1536 3835 1705 3926 scoltetia
1726 3838 1762 3923 in
1782 3849 1888 3954 parte
1908 3831 2081 3919 destruc·

455 3967 532 4040 turn
553 3965 591 4040 et
610 3967 845 4070 corruptum,
881 3952 1050 4041 timentes
1079 3953 1172 4072 ipsis
1193 3967 1230 4042 et
1251 3983 1382 4042 eurunr
1403 3955 1565 4072 posteris
1587 3953 1722 4042 exinde
1743 3949 1945 4072 periculum
1965 3949 2080 4036 imuni-

455 4101 564 4174 nere,
595 4070 705 4159 uobis
734 4087 1012 4189 presentarunt,
1034 4069 1217 4160 humiliter
1236 4071 1508 4192 supplicantes,
1539 4073 1712 4194 quatinus
1733 4071 1824 4192 ipsis
1845 4067 1977 4190 privile
2008 4067 2080 4154 iuur

456 4217 541 4277 cum
561 4187 811 4278 innovaciune
831 4205 870 4280 et
889 4191 988 4278 omni
1007 4189 1101 4277 lure
1121 4191 1262 4311 antiqui
1279 4189 1693 4397 privilegipconcedere
1714 4189 1966 4310 dignaremur.
2035 4213 2081 4273 us

427 4307 567 4428 'igitur
602 4309 700 4396 votis
731 4337 863 4405 eurum
897 4307 1124 4428 benigniter·
1144 4325 1370 4420 annuentes,
1402 4340 1447 4398 su
1501 4309 1770 4398 ratihabiciuuc
1788 4301 2080 4412 uenerabilium

454 4425 538 4536 (sic)
559 4423 796 4516 dominorum
825 4427 978 4515 nauum
1010 4441 1224 4516 nostrorum
1249 4428 1409 4549 Capituli
1429 4427 1548 4518 nostri
1568 4425 1898 4516 Wladislavieusis
1928 4419 2082 4542 prelatis

556 4708 597 4792 (¹)
621 4709 670 4776 Ex
684 4709 845 4798 archetypo
859 4711 1089 4780 membranaceo
1103 4709 1243 4778 ulularii
1256 4711 1377 4798 capituli
1393 4711 1661 4781 Wladislatu'unsis
1698 4710 1849 4785 Funiculu
1862 4711 1963 4778 rerico
1973 4706 2081 4778 culurir

454 4791 693 4964 rpgppppetmsei
707 4815 839 4882 appensa
853 4803 924 4864 suut
937 4795 999 4864 duo
1011 4795 1117 4884 sigilla,
1137 4795 1276 4866 addicet
1297 4797 1425 4924 loannis
1437 4798 1579 4885 Ερίωορί
1593 4805 1625 4865 et
1638 4797 1771 4885 capitali,
1789 4795 1854 4883 jaun
1868 4794 2011 4883 ruperim
2031 4791 2081 4858 ele
