4984 5930
1071 727 1317 804 ..35-

382 960 549 1020 arnorcrn
570 945 607 1018 et
625 931 874 1018 reuerentiam
895 893 1119 1020 venerabilis
1140 931 1256 1049 patris
1276 933 1368 1038 mei,
1395 929 1429 1018 F
1431 929 1575 1022 ulconis
1596 931 1832 1022 Gneznensis
1854 935 2011 1026 Archio-

382 1049 547 1167 pisoopi,
576 1047 701 1136 Beato
729 1047 957 1154 Adaiberto,
987 1063 1025 1137 et
1044 1049 1207 1146 ecclesie
1232 1050 1368 1168 ipsius,
1398 1065 1436 1136 et
1461 1047 1638 1138 Mancuie
1658 1065 1696 1140 ct
1718 1051 1871 1140 Cuiauie
1898 1052 2011 1170 Epis-

382 1167 599 1286 copntibus,
636 1195 721 1256 cum
751 1194 940 1254 consensu
969 1165 1128 1254 filiorum
1160 1197 1345 1273 meorum,
1379 1165 1573 1256 Bolezlani
1601 1169 1720 1256 Ducis
1750 1168 1943 1278 blazonio,
1975 1188 2013 1260 et
2123 1265 2134 1290 ⁸

382 1285 562 1374 Kazimiri
590 1283 709 1373 Ducis
739 1284 910 1390 Cuinuie,
937 1283 1075 1374 donaui
1129 1301 1284 1404 erpetuo
1314 1285 1556 1403 possidenda.
1607 1286 1658 1374 Ut
1677 1301 1800 1376 nutem
1827 1288 1899 1375 hec
1927 1319 2012 1378 men

382 1403 535 1492 donatio
555 1403 673 1492 robur
692 1404 879 1494 sorciatur
898 1419 1080 1521 perpetue
1100 1315 1302 1510 lirmitntis,
1332 1419 1369 1492 et
1388 1435 1411 1490 a
1433 1405 1525 1492 meis
1546 1406 1708 1520 posteris
1735 1407 1771 1492 in
1791 1423 2012 1525 perpetuum

381 1521 638 1611 inviolabiliter
657 1519 891 1626 observetur,
911 1536 1126 1638 presentem
1146 1523 1323 1642 paginam
1345 1523 1417 1610 mei
1437 1521 1559 1643 sigilli,
1579 1551 1628 1610 nc
1647 1523 1853 1640 sigillorum
1875 1553 2011 1642 supra·

382 1639 566 1728 dictorum
594 1669 765 1728 meorum
793 1639 970 1742 filiorum,
999 1641 1197 1729 munimine
1227 1639 1315 1728 duxi
1340 1639 1606 1729 roborandam.
1659 1636 1794 1726 Datum
1816 1643 1852 1729 in
1872 1647 2011 1756 Spn'rnz

381 1785 479 1845 anno
499 1759 633 1878 gracie
652 1756 705 1846 M.
728 1757 805 1844 CC.
825 1755 906 1846 XL.
928 1756 1110 1864 secundo,
1131 1759 1167 1852 vi
1183 1759 1265 1870 (sio)
1284 1787 1310 1844 x
1331 1758 1413 1869 (sic)
1435 1755 1631 1846 Kalendas
1651 1755 1817 1874 lulijlil,
1839 1756 2010 1848 Venere·

380 1874 463 1962 bilis
483 1877 601 1994 patris
621 1877 693 1962 mci
713 1875 873 1964 fulconis
893 1876 1130 1994 pontificatus
1150 1904 1251 1962 anno
1272 1874 1430 1963 decimo.

482 2055 519 2142 t³l
547 2059 665 2126 Forsan
679 2065 765 2126 sexta
781 2057 897 2126 decimo
912 2057 982 2126 Kal.
998 2057 1079 2125 tnui.

1097 2307 1297 2424 ΧΧΧΙΙΙ.

758 2539 890 2624 stne
916 2541 1008 2623 «tte
1036 2547 1092 2623 ct
1116 2539 1259 2636 loco,
1285 2561 1441 2628 anno
1469 2539 1633 2630 1242.
1759 2642 1764 2652 ¹

380 2708 639 2782 conradus
654 2707 725 2780 unx
737 2707 898 2782 ttncictto
912 2711 947 2782 ot
959 2705 1105 2801 morino
1118 2695 1319 2794 mittetur,
1341 2708 1490 2782 nonum
1504 2708 1748 2801 &tuomum
1760 2710 1854 2786 ritino
1869 2712 2010 2799 mooun

478 2811 513 2882 et
526 2811 687 2878 &azano
701 2825 771 2882 num
784 2809 861 2884 riba
874 2810 1053 2876 Bartoniec
1066 2807 1205 2916 episcopi
1219 2807 1479 2884 ilsiiclononstn
1492 2809 1616 2902 proprio
1630 2813 1842 2884 mammo
1856 2812 1907 2898 (¹).

406 3027 409 3032 ·
480 3005 590 3086 laos.
646 2995 786 3086 Notunn
823 2999 870 3086 sit
905 2995 1076 3086 omnibus
1117 3011 1331 3117 presentem
1373 3001 1550 3119 paginam
1586 3000 1734 3089 visuris.
1787 2999 1904 3116 Quod
1936 3029 2009 3088 nos

381 3115 595 3206 Kazimirus
616 3115 676 3203 dei
696 3117 829 3234 gracia
848 3117 937 3204 Dux
956 3114 1148 3234 Lancicye
1169 3130 1207 3203 et
1229 3115 1402 3223 Ceionio,
1427 3118 1544 3235 patris
1564 3119 1681 3205 nostri
1700 3117 1819 3206 Ducis
1841 3117 2008 3235 Conradj

379 3235 495 3323 felicis
515 3228 799 3322 recordacionis
820 3233 960 3323 litteras
979 3235 1139 3322 vidimus
1160 3250 1197 3322 et
1216 3233 1436 3339 audiuimus,
1457 3237 1619 3352 scriptas
1640 3237 1677 3322 in
1696 3235 1767 3324 hec
1787 3235 1921 3323 verba:

481 3359 591 3441 1242.
649 3351 849 3440 Conradus
876 3351 936 3439 dei
965 3353 1096 3471 gracia
1122 3352 1211 3440 Dux
1236 3350 1426 3469 Lancicye
1447 3366 1484 3438 et
1512 3351 1685 3458 Cuiauic,
1714 3353 1900 3442 uniuersis
1920 3384 2008 3470 pre-

380 3501 470 3558 sens
500 3471 678 3588 scriptum
707 3471 951 3587 inspecturis,
981 3469 1137 3557 salutern
1167 3471 1202 3556 in
1226 3469 1389 3558 donnino.
1441 3467 1623 3558 Nouerint
1651 3501 1800 3578 omnes,
1831 3469 1881 3558 ad
1911 3501 2008 3590 quos

380 3618 538 3706 presens
569 3589 746 3704 scriptum
778 3588 1007 3704 peruenerit:
1048 3585 1164 3700 Quod
1185 3619 1274 3692 nos,
1303 3588 1353 3675 ob
1375 3590 1631 3676 reuerenciarn
1654 3589 1915 3704 omnipotentis
1936 3588 2008 3693 dei,

380 3721 418 3791 ct
454 3708 488 3792 in
521 3705 778 3792 remissionem
814 3717 1029 3793 nostrorum
1064 3707 1343 3821 peccaminum,
1379 3705 1517 3793 Abbati
1553 3707 1693 3826 totique
1729 3707 1928 3794 conuenlui
1960 3705 2009 3792 de

378 3827 547 3938 Suteyow
565 3818 632 3935 (²),
660 3851 865 3940 eorumque
886 3821 1184 3926 successoribus,
1205 3824 1242 3908 in
1262 3839 1481 3940 perpetuum
1503 3824 1725 3911 contulimus
1745 3824 1950 3911 libertatem
1972 3823 2009 3910 in

379 3940 463 4030 viiia
480 3969 623 4046 eorum,
670 3971 716 4026 ue
731 3937 969 4052 cuonone)
989 3938 1184 4059 wlgariter
1204 3939 1347 4045 dicitur,
1370 3971 1455 4028 curn
1474 3942 1547 4028 alia
1562 3941 1658 4046 villa,
1680 3969 1753 4056 que
1767 3946 1948 4028 anrewo
1965 3935 2007 4050 (⁴)

379 4071 629 4174 nuncupatur,
643 3973 808 4175 locandj
824 4059 912 4176 jure
931 4056 1170 4146 theuthonico
1192 4057 1394 4164 ciuitatem,
1416 4059 1464 4144 ita
1484 4055 1676 4160 videlicet,
1697 4055 1799 4173 quod
1818 4054 2007 4175 predicto-

379 4205 461 4262 rum
496 4175 674 4263 iocorum·
699 4175 822 4264 incole
854 4176 903 4263 ab
935 4176 1035 4264 omni
1065 4176 1226 4264 seruicio
1256 4191 1293 4263 et
1319 4175 1513 4263 solucione
1543 4187 1580 4260 et
1609 4174 1805 4260 exactione
1835 4171 2007 4292 qualibet,

379 4321 617 4412 quocumque
636 4307 820 4386 vocentur
839 4295 1005 4397 nornine,
1034 4295 1108 4380 sint
1134 4308 1316 4411 perpetuo
1342 4291 1447 4380 liberi
1476 4305 1514 4377 et
1532 4291 1722 4398 inmuncs3
1752 4319 1800 4378 ac
1820 4292 1856 4378 in
1876 4305 2007 4382 nostro

481 4505 506 4588 [¹
548 4505 595 4572 Ex
611 4506 698 4574 arche
785 4505 1013 4572 membranaceo
1034 4507 1065 4570 in
1080 4504 1228 4571 tabulario
1249 4505 1369 4591 capituli
1392 4505 1631 4573 Vlndislauiensis
1648 4515 1800 4572 asseruotn
1816 4507 2006 4592 descriptum.

381 4587 475 4675 Sigilii
527 4609 564 4656 ru
586 4591 608 4656 ti
622 4597 714 4656 restat
740 4591 878 4656 unicuius
892 4592 1005 4656 sericus
1019 4589 1102 4656 rubri
1117 4589 1233 4655 coloris.

484 4675 509 4756 (²
599 4675 682 4762 lejow
695 4696 735 4760 op
757 4673 839 4741 idum
853 4674 985 4773 regionis
999 4674 1236 4742 Petriccviansis.

482 4759 509 4842 (θ
550 4755 692 4844 Lubobflt
705 4696 773 4826 uilla
788 4758 1106 4857 regionrsultrestensis·
1117 4759 1313 4855 Cujnuicnsis.

482 4839 521 4924 (⁴)
549 4841 715 4910 Zcbrzenoo
728 4843 795 4910 uilla
810 4843 942 4930 regionis
956 4843 1123 4910 Brestcnsns
1136 4843 1295 4930 parochiae
1309 4865 1382 4910 uero
1396 4843 1616 4912 Lubntinensis.

1803 4960 1832 5011 5.
