4876 5940
1094 751 1370 826 ..190-

1159 1063 1312 1182 cclx.

597 1329 879 1430 Stratone,
906 1351 1062 1418 anuto
1088 1330 1230 1419 1³12
1257 1333 1351 1418 etto
1375 1331 1460 1422 ὅθ
1485 1332 1686 1418 moneta
1709 1333 1873 1419 aaut.

415 1535 641 1612 lomes
660 1533 841 1629 propositas
859 1533 1042 1608 inomni
1061 1534 1392 1612 nuncupationum
1413 1533 1617 1625 suenonis,
1637 1533 1745 1608 villu
1757 1536 1895 1605 Ztoowo
1909 1535 2051 1632 duta

573 1637 758 1714 nommant
775 1637 932 1732 proprian
952 1635 1108 1714 duuudn
1127 1638 1280 1734 Episcopo
1298 1636 1551 1716 montanino
1570 1636 1690 1732 pteron
1711 1636 1834 1729 obliget
1848 1638 1897 1726 (¹).

518 1859 742 1952 lnnomine
773 1861 932 1968 domini,
968 1891 1090 1950 amen.
1148 1859 1233 1950 Nos
1261 1861 1377 1950 irater
1410 1861 1607 1950 lohannes
1641 1861 1858 1978 prepositus
1889 1855 2053 1950 ecclesie

417 1981 666 2086 Strelnensis,
695 1977 837 2070 ordinis
858 1981 1234 2098 premonstratensis,
1265 1993 1441 2100 totusque
1466 1981 1677 2070 conuentus
1697 1979 1851 2068 [rutrum
1876 2008 1925 2067 no
1945 2007 2052 2070 soro·

418 2131 500 2190 rum
529 2097 685 2202 ibidem,
714 2114 842 2187 notum
871 2099 1026 2186 iacimus
1056 2099 1262 2203 uniuersis,
1292 2112 1491 2217 presentes
1518 2099 1646 2186 literas
1676 2097 1918 2215 inspecturis:
1949 2095 2052 2214 quod

357 2239 365 2250 ‘
417 2217 648 2306 necessitate
676 2211 813 2306 domus
833 2232 962 2304 nostre
983 2217 1093 2304 nimia
1114 2217 1307 2337 exigente,
1338 2243 1404 2322 en,
1434 2213 1536 2334 quod
1557 2213 1744 2304 delectum
1773 2216 1810 2302 in
1829 2213 2052 2308 victualibus

418 2333 664 2440 habebamus,
686 2334 889 2422 venerabili
910 2335 946 2422 in
968 2333 1119 2424 Christo
1140 2335 1235 2452 patri
1251 2333 1403 2422 donnino
1420 2331 1632 2437 Geruardo,
1654 2329 1715 2421 dei
1734 2333 1868 2450 gracia
1888 2332 2053 2421 ecclesie

418 2451 733 2542 wladislauiensis
754 2453 953 2571 episcopo,
981 2468 1112 2542 nostro
1133 2453 1375 2570 dyocesano,
1405 2453 1528 2540 villam
1550 2451 1713 2540 ecclesie
1735 2465 1866 2540 nostre
1894 2455 2052 2538 Stotouo
2109 2475 2116 2507 ⁸

417 2571 616 2691 wlgariter
642 2587 914 2690 nuncupatam,
945 2571 1118 2658 situatam
1148 2601 1265 2686 supra
1293 2571 1416 2658 lacum
1449 2575 1571 2684 Gopto
1602 2568 1797 2689 wlgariter
1825 2567 1962 2658 dictum
1983 2565 2052 2682 (²),

417 2719 490 2808 pro
521 2689 672 2806 triginta
702 2690 840 2776 mareis
870 2716 1117 2807 grossorum,
1155 2689 1306 2808 triginta
1336 2719 1404 2776 sex
1434 2716 1598 2806 grossos
1628 2717 1699 2805 pro
1730 2715 1859 2774 marca
1888 2685 2054 2804 qualibet

417 2805 693 2926 computando,
728 2805 1199 2923 duximusobligandam,
1235 2807 1286 2892 ita
1316 2804 1509 2910 uidelicet,
1549 2803 1651 2922 quod
1684 2803 1821 2893 dictam
1855 2803 2053 2923 pecuniam

417 2925 512 3014 inire
543 2939 705 3040 quatum
724 2951 864 3030 annos,
895 2921 1037 3011 alesto
1068 2923 1180 3026 beati,
1198 2922 1349 3011 Martini
1379 2923 1548 3040 proxime
1577 2949 1677 3009 nunc
1706 2935 1865 3011 venturo
1896 2951 2053 3040 compu-

417 3039 576 3146 tandos,
606 3041 827 3159 persoluere
856 3039 1061 3128 tenebimur
1081 3039 1234 3130 domino
1263 3057 1491 3150 memorato;
1521 3041 1631 3148 etsi,
1664 3039 1766 3160 quod
1795 3040 1914 3150 absit,
1944 3040 2053 3128 annis

262 3249 271 3262 ,
417 3158 598 3278 predictis
624 3159 784 3277 elapsis,
816 3157 966 3244 soluere
986 3189 1062 3246 non
1082 3187 1284 3276 possemus
1315 3161 1512 3278 pecuniam
1543 3187 1767 3278 grossorum
1798 3174 2053 3264 memoratam,

418 3279 587 3396 prelatus
617 3277 792 3366 dominus
823 3277 1027 3396 episcopus
1055 3277 1165 3368 nobis
1186 3277 1434 3396 superaddet,
1467 3290 1578 3398 prout
1607 3277 1735 3366 arbitri
1764 3291 1945 3398 quatuor,
1976 3274 2053 3364 duo

420 3393 859 3514 exportesui‚,etduo
880 3411 1055 3512 exparte
1076 3398 1213 3504 nostri,
1245 3413 1282 3484 et
1312 3397 1462 3517 quintus
1493 3426 1541 3484 eu
1572 3411 1730 3515 utraque
1761 3410 1869 3513 parte
1899 3393 2054 3498 electus,

268 3584 278 3621 ,
420 3515 458 3600 in
479 3541 577 3632 quos
597 3513 669 3599 iam
687 3514 1021 3630 compromittimus
1042 3515 1078 3600 in
1099 3513 1170 3634 hijs
1190 3515 1340 3634 scriptis
1361 3516 1456 3603 inter
1476 3543 1559 3622 nos,
1580 3511 1872 3603 additamentum
1893 3511 2054 3632 pecunie

420 3630 491 3718 rite
511 3645 548 3716 et
567 3629 842 3718 racionabiliter
862 3629 1100 3736 ordinabunt,
1130 3647 1167 3722 et
1187 3645 1325 3720 extunc
1345 3631 1430 3721 villa
1453 3648 1583 3724 nostra
1603 3631 1772 3750 predicta
1792 3631 1843 3721 ad
1863 3629 2054 3720 dominum
2126 3629 2135 3638 ’

421 3747 663 3866 episcopum,
695 3746 809 3836 etad
837 3778 944 3835 suam
974 3750 1193 3850 eeclesiam,
1224 3779 1309 3837 cum
1331 3750 1502 3838 omnibus
1524 3751 1772 3856 libertatibus,
1802 3747 2053 3870 pertinenciis,

422 3865 548 3984 agris,
580 3863 739 3952 lacubus
769 3880 807 3952 et
826 3864 908 3980 alijs
930 3865 1102 3954 omnibus
1123 3867 1357 3972 utilitatibus,
1389 3899 1462 3986 que
1492 3883 1579 3956 sunt
1609 3867 1669 3954 uel
1700 3899 1787 3956 esse
1816 3881 1992 3985 poterunt
2016 3866 2054 3952 in

421 3981 576 4087 eadem,
607 3983 687 4070 iure
715 3983 942 4070 hereditario
972 3983 1248 4101 inperpetuum
1279 3985 1486 4102 pertinebit.
1538 3983 1622 4074 Nos
1651 4001 1774 4074 autem
1805 4015 1890 4073 oum
1921 3997 2053 4072 nostro

421 4115 620 4208 conuentu,
650 4101 777 4190 literas
798 4130 867 4188 seu
888 4103 1130 4189 instrumenta
1151 4118 1282 4190 nostra
1303 4103 1577 4222 resignaoionis
1598 4133 1713 4222 super
1733 4103 1843 4191 bonis
1864 4099 2052 4221 predictis,

260 4237 265 4250 '
421 4215 516 4308 dare
545 4230 584 4304 et
602 4219 804 4339 assignare
834 4218 1042 4308 tenebimur
1066 4217 1218 4308 domino
1238 4222 1421 4340 episcopo
1441 4236 1662 4312 memorato.
1715 4219 1892 4310 Ceterum
1911 4215 2054 4308 reditus

340 4375 347 4387 ¹
422 4348 460 4424 ct
477 4351 686 4454 prouentus
706 4335 816 4456 medij
840 4338 1038 4457 temporis,
1069 4338 1105 4426 in
1127 4337 1261 4426 eadem
1292 4340 1378 4431 villa
1410 4337 1694 4460 percipiendos,
1726 4339 1888 4426 ecclesie
1907 4333 2053 4424 crusni·

523 4617 565 4716 (¹)
593 4618 641 4685 Ex
654 4617 742 4685 arobe
827 4621 1059 4689 membranaceo
1081 4621 1113 4688 in
1127 4619 1275 4689 tabulario
1289 4621 1409 4710 capituli
1423 4622 1680 4692 wladislaviensis
1694 4629 1847 4690 mservato
1860 4621 2055 4710 descriptum

421 4699 492 4768 Duo
506 4701 602 4786 sigilla
616 4703 741 4768 minoris
766 4725 868 4772 ormae
884 4727 1017 4794 oppansa
1030 4706 1168 4774 taeniolis
1182 4707 1382 4796 pergamenis,
1396 4707 1416 4772 fi
1458 4727 1512 4774 rae
1525 4715 1641 4786 orabo,
1655 4707 1745 4774 ambo
1759 4706 1952 4774 comminuto

420 4869 479 4950 sis,
496 4783 824 4938 &xiguam
837 4789 877 4856 ad
889 4791 989 4860 lna'rm
1007 4787 1111 4880 Goplo
1123 4791 1195 4871 sita,
1215 4791 1356 4859 territorii
1370 4727 1602 4880 Bydllostionsis,
1615 4791 1748 4879 regionis
1761 4789 2053 4861 Juniwladiolstion·
