4876 5940
1011 756 1288 832 -185-

190 987 193 998 ·
336 957 558 1051 multociens
583 961 620 1050 in
650 959 800 1050 dubium
828 957 1067 1048 reuocentur.
1124 949 1208 1050 Nos
1238 958 1352 1078 igitur
1381 953 1616 1046 Wludisluus
1644 955 1705 1045 dci
1733 958 1867 1078 gracia
1896 957 1972 1048 dux
2041 963 2045 970 '

340 1079 546 1184 Crecouie,
574 1079 829 1184 Sandomirie,
854 1075 1031 1193 Syradie,
1059 1073 1253 1179 bancicie,
1280 1075 1464 1192 Cuyauie,
1491 1105 1540 1162 ac
1566 1076 1813 1182 Pomoranie,
1843 1093 1971 1166 notum

337 1197 494 1286 lecimus
516 1199 702 1287 uniuersis
722 1213 798 1300 tam
820 1195 1192 1314 presentibus'quam
1215 1195 1365 1298 futuris,
1398 1209 1608 1310 presentem
1640 1195 1816 1312 paginam
1845 1197 1972 1313 inspe-

339 1317 471 1402 cturis:
513 1315 632 1430 Quod
662 1313 887 1402 venerabilis
916 1328 1024 1431 pater
1055 1311 1228 1402 dominns
1261 1311 1510 1414 Gerwardus,
1544 1314 1749 1432 episcopus
1770 1312 1971 1404 ,wladisla-

159 1437 163 1446 '
278 1515 282 1520 .
338 1433 478 1520 niensis
507 1434 688 1538 ecclesie,
725 1435 946 1552 peccuniam
977 1459 1084 1520 suam
1115 1443 1244 1518 et-sue
1264 1429 1441 1536 ecclesie,
1467 1431 1646 1520 uidelicet
1675 1429 1973 1552 quadringentas

338 1577 488 1640 marcas
521 1567 558 1640 et
587 1533 838 1670 quadraginta
871 1561 1020 1638 monete
1050 1550 1327 1654 Thorunensis,
1359 1547 1461 1636 dedit
1480 1549 1529 1636 ad
1552 1549 1766 1636 mandatum
1788 1566 1971 1658 nostrum,

337 1670 485 1756 nomine
515 1683 670 1775 nostro,
706 1699 777 1788 pro
808 1669 948 1757 nostris
983 1665 1271 1766 necessitatibus
1304 1680 1343 1752 et
1372 1667 1524 1754 utilitate
1560 1682 1660 1754 terre
1690 1681 1831 1756 nostre.
1887 1666 1974 1757 Nos

337 1816 489 1906 qunque
517 1787 587 1874 ista
615 1789 700 1874 vice
726 1787 796 1874 sibi
816 1787 1035 1874 satisfacere
1056 1815 1132 1874 non
1151 1783 1343 1891 valentes,
1375 1813 1445 1902 pro
1467 1784 1601 1872 eadem
1623 1788 1805 1902 peccunia
1826 1786 1971 1879 beredi-
2074 1799 2078 1812 ’

204 1995 210 2007 ,
337 1916 434 1992 tetes
463 1918 617 1992 nostras
648 1904 767 1991 eidam
800 1904 952 1992 domino
981 1905 1165 2022 episcopo
1199 1919 1237 1989 et
1264 1927 1333 1990 sue
1365 1897 1527 1990 ebolesie
1558 1904 1792 2024 obligamus,
1828 1905 1973 1992 scilicet

338 2027 492 2135 Probent
519 2021 762 2110 hereditatem
794 2023 901 2111 sitam
925 2023 1027 2109 circa
1050 2021 1225 2226 Wpslam
1256 2022 1291 2106 iu
1314 2036 1415 2107 terra
1437 2021 1685 2138 Cuyauiensi,
1717 2050 1829 2140 quam
1850 2023 1972 2110 muru

337 2139 460 2227 eidem
486 2139 639 2227 domino
666 2143 849 2258 episcopo
881 2156 918 2228 et
943 2169 1012 2228 sua
1035 2141 1198 2228 eccesie
1219 2137 1525 2258 obligauernmus
1556 2141 1593 2228 in
1613 2143 1813 2258 sexaginta
1831 2141 1972 2230 marcis
2062 2141 2067 2151 “

336 2273 485 2344 monete
513 2257 791 2363 Thorunensis,
822 2259 920 2346 sicut
946 2260 983 2345 in
1003 2259 1257 2345 instrumentis
1277 2287 1393 2372 super
1413 2287 1460 2346 eo
1481 2259 1663 2346 conlectis
1684 2259 1829 2376 plenius
1850 2259 1971 2348 conti-

336 2373 445 2462 netur
464 2370 540 2486 (²),
571 2406 655 2461 oum
682 2376 855 2464 omnibus
877 2375 1107 2478 utilitatibus,
1138 2375 1335 2478 theloneo,
1366 2372 1446 2462 iure
1473 2389 1695 2492 patronatus
1725 2393 1763 2464 et
1781 2378 1971 2494 prononti-

336 2491 409 2580 bus
436 2494 702 2611 pertinentibus
722 2493 772 2580 ad
795 2493 975 2597 eandem,
1003 2507 1117 2611 prout
1145 2507 1204 2580 est
1232 2492 1367 2578 insuis
1397 2495 1504 2579 metis
1534 2491 1582 2579 et'
1592 2495 1756 2582 terminis
1783 2495 1969 2584 distincta.

335 2608 496 2727 Insuper
515 2611 623 2698 villas
644 2627 805 2714 nostras,
825 2609 1001 2696 videlicet
1019 2617 1184 2710 Ptouce,
1215 2609 1291 2696 talio
1311 2611 1463 2695 numine
1482 2609 1620 2697 dictam
1647 2617 1774 2697 Bteom
1800 2626 1838 2698 et
1856 2619 1972 2726 Poly·
2044 2596 2055 2682 ‘i

336 2726 520 2839 accoli),
542 2731 648 2815 ouius
670 2745 813 2848 partem
835 2727 1008 2814 dominus
1029 2729 1234 2844 episcopus
1255 2725 1367 2812 babet
1388 2728 1507 2812 eciam
1529 2727 1733 2846 obligatam
1755 2730 1791 2814 in
1808 2727 1970 2846 quadam
2093 2775 2100 2788 ·

302 2895 306 2901 ·
363 2847 518 2934 eccunie
538 2847 751 2964 quantitate,
773 2848 931 2934 situatas
951 2847 988 2932 in
1009 2845 1175 2934 districtu
1196 2851 1489 2957 Radeyoue‘ensi,
1517 2873 1601 2932 curn
1622 2846 1794 2934 omnibus
1815 2845 1971 2934 utilitati·
2086 2905 2093 2930 r

336 2875 408 3050 hus
430 2977 467 3051 et
487 2994 616 3052 earum
637 2965 886 3082 pertinencijs,
917 2963 987 3058 sibi
1008 2979 1047 3052 et
1065 2993 1134 3052 sue
1156 2963 1318 3052 ecclesie
1338 2963 1504 3050 similiter
1524 2963 1737 3080 obligamus
1757 2964 1820 3051 tali
1842 2963 1970 3053 modo:

338 3080 440 3198 quod
470 3083 610 3170 alesto
638 3097 771 3170 sancte
800 3083 967 3170 trinitatis
994 3083 1166 3198 proximo
1194 3113 1293 3169 nunc
1315 3093 1526 3183 transacto,
1557 3081 1651 3168 iulra
1672 3083 1841 3198 spacium
1863 3085 1969 3171 trium

337 3228 538 3304 annorum,
570 3202 602 3288 si
629 3229 704 3287 nun
732 3200 1005 3288 exsoluerimus
1034 3199 1193 3288 eandem
1221 3201 1419 3318 pecuniam
1448 3197 1602 3286 domino
1633 3200 1815 3316 episcopo
1844 3217 1881 3288 et
1900 3231 1970 3288 sue

337 3317 520 3424 ecclesie,
551 3333 688 3406 extunc
707 3333 820 3436 prout
839 3348 988 3406 exnunc
1017 3317 1173 3404 easdem
1203 3316 1430 3406 hereditates
1451 3347 1520 3404 seu
1541 3318 1648 3404 villas
1669 3318 1823 3426 damus,
1855 3317 1970 3406 tradi-

335 3463 438 3540 mus,
469 3437 697 3524 conlerimus
721 3467 769 3522 nc
790 3438 908 3524 eciam
930 3435 1191 3553 assignamuS,
1223 3450 1261 3531 et
1281 3437 1392 3556 pleno
1413 3465 1460 3522 ac
1481 3433 1706 3524 hereditario
1727 3437 1807 3522 iure
1827 3467 1984 3556 appru··

336 3553 503 3672 priamus
540 3584 609 3672 pro
646 3556 819 3670 pecnnia,
839 3567 1066 3654 memorata,
1103 3569 1139 3641 et
1170 3553 1220 3641 ob
1250 3555 1527 3658 reuerenciam,
1564 3585 1674 3670 quarn
1705 3555 1887 3642 hahemus
1918 3557 1968 3644 ad

335 3671 519 3790 virginem
550 3673 777 3792 gloriosam,
814 3703 886 3759 nec
916 3701 992 3759 non
1023 3671 1073 3758 ob
1103 3671 1306 3760 remedium
1339 3688 1581 3790 peccatorum
1613 3689 1847 3778 nostrorum,
1883 3703 1968 3760 cum
2067 3682 2073 3710 ¹

337 3789 509 3876 omnibns
530 3789 762 3897 utilitatibus,
790 3791 1050 3908 prouentibus,
1077 3791 1316 3908 pertinencijs
1338 3791 1540 3896 uniuersis,
1569 3819 1642 3910 que
1664 3819 1762 3876 nnnc
1783 3807 1885 3896 sunt,
1907 3793 1969 3878 uel

336 3937 425 3996 esse
455 3922 627 4024 poterunt
658 3909 693 3994 in
715 3909 896 4015 loturum,
929 3923 1040 4029 prout
1067 3907 1239 4026 predicte
1262 3907 1491 3998 hereditates
1511 3927 1581 3994 seu‘
1601 3907 1684 3999 ville
1705 3911 1740 3994 in
1762 3909 1841 3993 suis
1861 3909 1973 3998 metis

337 4038 373 4112 et
403 4025 568 4112 terminis
598 4039 683 4113 sunt
715 4027 896 4113 distincte.
952 4024 1175 4115 Liberautes
1206 4039 1244 4113 et
1269 4025 1512 4114 absoluentes
1542 4023 1686 4111 incolas
1717 4021 1968 4144 predictarum

336 4141 582 4230 hereditatum
624 4143 673 4227 ab
708 4145 881 4230 omnibus
915 4143 1084 4263 angarijs
1124 4159 1161 4232 et
1197 4145 1457 4261 perangarijs,
1497 4143 1689 4257 seruicijs,
1727 4142 1987 4233 seruitutibns*

336 4260 521 4364 realibus,
562 4260 844 4377 personalibus,
882 4289 1059 4346 necnon
1093 4289 1117 4346 a
1147 4261 1255 4376 tallijs
1295 4291 1363 4348 seu
1394 4259 1563 4348 collectis
1598 4259 1858 4347 commonibus
1887 4263 1969 4352 siue

338 4375 604 4498 singularibus,
632 4377 772 4466 iuribus
793 4392 830 4464 et
848 4374 1159 4484 iurisdicionibus,
1180 4375 1440 4498 qualicumque
1460 4379 1610 4465 nomine
1630 4376 1866 4465 denotentur.
1907 4377 1967 4487 Et,

439 4711 468 4880 p:
507 4711 556 4778 De
570 4711 752 4811 obligatione
765 4709 854 4864 bup‘ps
868 4711 956 4780 villae
968 4712 1027 4779 vid.
1039 4712 1142 4780 tabule
1158 4657 1341 4800 praecedens
1354 4715 1408 4784 ἴθ’
1423 4713 1559 4782 CXCVI.
1572 4734 1602 4800 p.
1619 4714 1690 4781 17⁷.

508 4795 630 4864 Plora
650 4797 782 4883 resonis
832 4797 1071 4876 adzie'oviensic
1091 4795 1257 4886 Poaaowo
1279 4799 1368 4867 aare
1388 4799 1580 4868 Pounoaoa
1598 4821 1625 4866 v.
1641 4797 1806 4866 eorm
1824 4797 1966 4866 caeam

337 4879 562 4968 Bydgostrensis
575 4889 606 4948 et
619 4883 750 4969 regionis
763 4819 1091 4954 Juniwladislarionsis.
1160 4908 1166 4918 ·
1625 4880 1635 4896 ‘
1816 4913 1818 4918 ,

449 4999 538 5051 Tmen
553 5001 587 5052 n.
1605 4993 1611 5008 ι
1762 4998 1798 5056 24
