4896 5926
1122 739 1396 812 -148-

440 973 541 1033 anno
562 941 701 1032 domini
722 939 914 1030 millesimo
935 937 1193 1028 ducentesimo
1214 939 1463 1060 nonogesimo
1484 951 1633 1041 octavo,
1654 939 1689 1023 in
1710 935 1770 1024 die
1788 935 1898 1024 Beati
1912 939 2071 1032 loannis

441 1061 649 1180 Baptistae.
679 1057 741 1146 Ad
758 1060 939 1146 maiorem
952 1057 1083 1144 borum
1099 1055 1353 1144 certitudinem
1374 1067 1595 1174 praesentes
1616 1054 1924 1144 scribi-iussimus
1938 1058 2071 1150 tuens

441 1179 559 1268 nostri
585 1179 698 1296 sigilli
724 1177 922 1264 munimine
948 1175 1161 1264 roboratos.
1212 1175 1483 1262 Praesentibus
1503 1171 1690 1262 nobdibus
1710 1172 2015 1288 virisdominis(
2044 1179 2069 1288 ).

543 1294 628 1384 Nos
664 1298 787 1412 itaque
822 1291 1089 1411 sigismundus
1124 1291 1321 1412 Augustus
1356 1291 1442 1380 Rex
1473 1292 1773 1408 prenominatus,
1808 1292 2070 1409 supplicationi

440 1412 574 1518 eidem,
597 1415 647 1499 uti
668 1416 799 1514 iustae,
820 1412 984 1531 benigne
1004 1409 1222 1516 annuentes,
1252 1406 1378 1497 literas'
1400 1411 1654 1527 praeinsertas
1675 1409 1855 1510 innovari,
1876 1439 1923 1496 ac
1942 1409 2070 1502 denuo

440 1531 511 1618 sub
532 1532 564 1619 si
596 1529 656 1619 illc
677 1545 808 1617 nostro
830 1527 974 1618 extrudi
995 1528 1272 1632 mandavimus,
1303 1557 1448 1646 easque
1477 1527 1513 1613 in
1534 1524 1717 1613 omnibus
1739 1525 1881 1612 illarum
1901 1530 2070 1644 punctis,
2126 1551 2130 1560 '

439 1559 636 1752 clausulis,
668 1647 834 1735 articulis
861 1661 901 1754 et
919 1645 1214 1750 conditionibus,
1245 1645 1468 1734 authoritate
1496 1659 1625 1732 nostra
1654 1639 1781 1762 Regia
1801 1645 2070 1760 approbamus,

439 1764 706 1855 conlirmamus
737 1779 774 1850 et
794 1763 1041 1867 ratificamus,
1073 1762 1321 1851 decernentes
1352 1793 1419 1850 eas
1450 1763 1523 1848 vim
1555 1776 1593 1848 et
1612 1760 1728 1848 robur
1748 1760 1898 1848 debitae
1918 1791 1965 1849 ac
1985 1793 2069 1879 per-

437 1895 576 2002 peluae
610 1880 793 1970 lirmitatis
829 1881 996 1968 oblinere
1032 1879 1184 1966 debere.
1244 1879 1287 1966 ln
1321 1881 1429 1966 cuius
1465 1881 1530 1965 rei»
1553 1877 1666 1965 fidem
1702 1879 1864 1997 sigilium
1899 1895 2069 1968 nostrum

437 2001 675 2116 presentibus
706 2014 765 2088 cst
785 1999 1079 2114 subappensum
1122 1995 1267 2083 llatum
1298 2003 1549 2097 Pooe'cocioe,
1581 1995 1642 2082 die
1672 1993 1898 2085 duodecima
1929 2001 2069 2088 mensis

440 2114 641 2220 Octobris,
672 2145 773 2202 anno
794 2113 932 2206 domini
953 2113 1145 2200 millesimo
1166 2115 1253 2225 quin
1285 2115 1466 2202 entesimo
1493 2115 1734 2228 sexagesimo
1755 2128 1910 2226 quarto,
1942 2115 2069 2252 Regni

437 2263 531 2322 vero
552 2234 670 2321 nestri
691 2233 884 2347 trigesimo
905 2231 1044 2340 quinto.
1084 2231 1233 2318 Petrus
1255 2143 1550 2345 dlysoblrowski
1581 2230 1630 2318 tt
1654 2230 1700 2316 P.
1722 2226 2068 2323 vicecancellarius

437 2351 671 2466 subscripsit.
723 2348 872 2438 Relatio
903 2344 1120 2434 Reverendi
1149 2348 1252 2435 Petri
1274 2348 1533 2464 lllysskowslri
1554 2349 1636 2458 (sic)
1670 2346 1795 2467 Regni
1818 2351 1935 2436 nostri
1956 2350 2068 2438 Vice-

437 2467 671 2584 cancellari,
709 2466 852 2554 Decani
888 2465 1155 2554 Cracnviensis
1185 2481 1222 2552 et
1252 2465 1508 2572 Gneznensis,
1544 2465 1764 2571 Plooensis,
1799 2463 2066 2572 Lancicicnsis,

437 2583 845 2696 Varscbowiensisque
865 2583 1091 2700 Praepositi.
1126 2619 1135 2634 ·
1858 2655 1863 2664 .

538 2698 624 2789 Nos
643 2701 756 2820 igitur
784 2701 826 2788 Si
859 2698 1051 2788 'smuudus
1081 2699 1142 2786 Au
1199 2716 1281 2790 stus
1310 2700 1398 2791 Rex
1418 2702 1629 2817 praelatus,
1660 2701 1919 2820 supplicationi
1940 2701 2065 2792 dictae

434 2817 652 2908 Reverendi
667 2816 806 2906 domini
855 2817 1002 2936 pisccpi
1017 2729 1339 2944 Vladisddviensis,
1359 2830 1505 2936 utpote
1525 2819 1658 2906 rationi
1678 2824 1883 2924 cebennae,
1903 2820 2067 2956 benigno

434 2950 659 3042 annuentes,
689 2935 945 3051 praeinsertas
965 2935 1094 3022 literas
1114 2933 1297 3040 describi,
1329 2936 1508 3023 transumi
1538 2950 1576 3022 et
1601 2965 1707 3024 exem
1735 2935 1792 3024 lor
1817 2937 1936 3026 sirmle
1964 2937 2065 3028 ducto

434 3051 669 3142 Reverendo
690 3051 842 3140 domino
863 3051 1056 3168 Episcopo
1077 3051 1148 3139 sub
1170 3053 1274 3140 titulo
1295 3067 1333 3140 et
1352 3053 1476 3172 sigillo
1496 3054 1646 3159 nostris
1667 2964 1848 3142 adusum
1867 3051 2067 3147 Ecclesiae

434 3197 545 3258 suae·
565 3167 891 3282 Wladislaviens'is
921 3167 1067 3256 extrudi
1097 3169 1375 3274 mandavimus,
1412 3183 1524 3288 prout
1553 3169 1821 3259 extradidimus
1852 3173 1888 3260 in
1917 3174 2064 3282 ellectu,

433 3284 684 3374 decernentes
714 3285 870 3374 easdem
900 3285 1028 3372 literas
1057 3284 1174 3373 robur
1203 3286 1352 3376 debitae
1380 3286 1563 3376 firmitatis
1594 3288 1754 3391 babere,
1784 3289 1963 3403 quodque
1983 3292 2064 3396 illis,

262 3415 266 3422 “
433 3402 597 3521 legitimo
617 3402 809 3507 emanatio,
829 3403 965 3515 ubique
987 3402 1155 3490 locorum
1176 3403 1282 3493 lirma
1303 3418 1341 3491 et
1360 3405 1511 3493 indubia
1532 3404 1629 3494 lides
1649 3405 1882 3494 adhibeatun
1919 3406 2064 3497 Harum

433 3520 645 3620 testimonio
675 3521 884 3625 literarum,
919 3519 1054 3632 quibus
1086 3521 1119 3606 si
1152 3521 1247 3612 'llum
1284 3536 1453 3610 nostrum
1485 3523 1766 3639 subappcnsum
1799 3538 1868 3611 est.
1924 3525 2062 3615 lictum

432 3641 668 3722 Potrioooioc
697 3637 817 3753 prima
847 3637 908 3725 dic
937 3636 1077 3725 mensis
1134 3639 1226 3757 unij,
1257 3669 1357 3728 anno
1379 3640 1732 3728 dominimillesimo
1763 3643 2062 3758 quingentesimo

432 3753 676 3871 sexagesimo
709 3754 857 3864 quinto,
895 3754 1005 3872 regni
1037 3783 1129 3842 vero
1159 3759 1277 3844 nostri
1309 3787 1409 3845 anno
1441 3759 1633 3876 trigesimo
1662 3771 1783 3846 sexto.
1840 3759 2062 3870 Valentinus

433 3865 669 3986 Dabyenslry
688 3869 738 3958 R.
760 3871 804 3957 P.
826 3869 1084 3958 Cancellarius
1105 3872 1325 3992 subscripsit
1346 3905 1455 3962 manu
1478 3877 1640 3992 propria.
1692 3873 1842 3966 Relatio
1865 3874 2061 3996 Magnidci

431 3985 617 4076 Valentini
646 3987 900 4106 llembieniskj
923 3987 1005 4098 (sic)
1035 3985 1084 4074 dc
1114 3990 1323 4110 Dembiany
1351 3991 1478 4111 Regni
1509 3993 1692 4082 Poloniae
1724 3992 1947 4112 Cancellarij
1977 3992 2061 4083 Liu-

432 4102 725 4224 bomliensisque
746 4105 953 4224 Capitancj.
1170 4113 1187 4188 ‚1
1761 4155 1762 4160 Ν
1864 4167 1867 4174 -

533 4419 571 4502 (⁵)
599 4419 704 4485 Testes
719 4439 778 4486 nou
793 4429 863 4486 sunt
880 4421 968 4488 allati.
1016 4467 1020 4476 .
