4958 5934
1125 715 1402 793 -tttt-

441 922 591 1012 dimidia
622 933 770 1010 monete
799 917 1077 1026 Thorunensis,
1109 919 1306 1038 usquead
1333 919 1468 1008 loetum
1496 919 1773 1010 Peotbecostes
1793 920 1963 1037 proxime
1984 951 2076 1012 uen-

440 1059 525 1131 turo
546 1041 648 1153 (sic),
674 1054 712 1128 et
731 1039 824 1126 inlra
844 1037 1052 1156 predictum
1074 1053 1231 1155 tempus,
1252 1037 1414 1128 ecclesie
1434 1037 1726 1128 wladislauiensi
1748 1066 1880 1128 omnes
1902 1039 2077 1130 utilitates

440 1177 479 1249 et
502 1160 714 1248 theloneum
741 1158 876 1246 damus
903 1157 1167 1276 percipiendas
1188 1158 1284 1270 (sic).
1336 1157 1452 1272 Quod
1474 1161 1506 1246 si
1527 1189 1602 1248 neu
1629 1156 1902 1246 exsoluerimus
1922 1157 2073 1248 dominu

440 1281 623 1397 episcopo
653 1275 862 1396 predictam
894 1279 1115 1396 peccuniam
1137 1277 1220 1388 (sie)
1251 1278 1287 1364 in
1308 1275 1480 1395 predicto
1500 1279 1678 1382 termino,
1708 1291 1845 1364 extunc
1865 1275 2073 1393 predictam

439 1395 681 1488 hereditatem
704 1395 876 1484 dominus
897 1397 1102 1515 episcopus
1123 1395 1262 1484 tenebit
1281 1425 1402 1516 usque
1422 1393 1472 1482 ad
1490 1397 1684 1484 terminum
1705 1395 1780 1480 vile
1796 1425 1876 1498 sue,
1898 1408 1935 1484 et
1952 1393 2073 1484 eccle-

438 1517 496 1606 sia
517 1514 851 1619 wladislauiensis,
872 1513 921 1601 de
942 1530 1071 1603 nostra
1093 1515 1193 1606 bona
1214 1515 1425 1618 voluntate,
1456 1544 1589 1602 omnes
1610 1513 1783 1602 utilitates
1803 1529 1840 1602 et
1861 1511 2073 1603 theloneum

439 1633 577 1724 tenebit
596 1632 766 1751 predicte
786 1632 1004 1722 hereditatis
1024 1665 1146 1754 usque
1168 1631 1219 1720 nd
1240 1632 1401 1723 eundem
1421 1631 1537 1740 diem,
1563 1630 1738 1720 videlicet
1757 1631 1819 1719 die
1838 1631 1921 1744 (sic)
1942 1633 2073 1722 mortis
2108 1706 2117 1722 ,

438 1753 578 1842 domini
609 1752 799 1870 episcopi:
834 1749 970 1841 deinde
1006 1751 1103 1840 diem
1135 1753 1266 1840 mortis
1300 1767 1338 1840 et
1368 1750 1498 1841 boram
1536 1751 1674 1839 domini
1710 1751 1879 1870 episcopi
1914 1750 2073 1870 predicti

438 1869 717 1991 computando,
756 1871 850 1980 inlra
886 1871 1056 1988 spacium
1096 1871 1205 1958 unius
1239 1871 1350 1976 anni,
1391 1869 1552 1961 eandem
1586 1869 1829 1958 hereditatem
1865 1869 2073 1958 tenebimur

437 1988 624 2078 redimere
643 1991 680 2076 in
701 1990 860 2106 pecunia
879 1991 1053 2108 superius
1073 1988 1185 2077 dicta.
1218 1987 1338 2104 Quod
1358 1989 1392 2077 si
1411 2003 1499 2077 tunc
1519 2019 1597 2078 uon
1618 1985 1891 2078 excoluerimus
1911 1987 2072 2076 eandem

438 2109 635 2228 pecuniam
667 2108 830 2197 ecclesie
861 2107 1176 2212 wladislauiensi,
1208 2124 1346 2196 extunc
1376 2106 1608 2225 sepedictam
1642 2106 1883 2196 hereditatem
1911 2113 2074 2220 ‘Rapum

439 2225 595 2326 dumus,
631 2225 813 2314 tradimus
842 2240 880 2314 et
905 2228 1134 2315 conlerimus
1163 2227 1243 2316 iure
1275 2242 1459 2345 perpetuo
1489 2224 1758 2346 possidendam
1786 2255 1871 2314 cum
1898 2223 2072 2314 omnibus

439 2345 652 2434 utilitatibus
680 2357 717 2432 et
736 2374 821 2434 curn
847 2345 1035 2434 theloneo.
1085 2343 1127 2432 ln
1155 2344 1264 2434 buius
1290 2345 1345 2434 rei
1374 2346 1624 2434 testimonium
1655 2358 1852 2463 presentes
1881 2342 2072 2432 conscribi

439 2465 616 2565 lecimus,
658 2475 696 2550 et
730 2463 840 2581 sigilli
875 2465 994 2551 nostri
1028 2465 1228 2552 munimine
1262 2463 1448 2554 roborari
1507 2463 1755 2552 Presentibus
1790 2461 1861 2580 bijs
1896 2461 2071 2552 testibus:

281 2619 303 2703 ,r
437 2580 641 2671 Bernardc
660 2579 859 2699 quondam
889 2581 1095 2670 castellano
1123 2583 1431 2698 cruswyciensi,'
1447 2581 1617 2670 Ubezlao
1646 2580 1853 2670 castellano
1874 2580 2070 2684 bresteusi,

437 2697 624 2834 Rosdalio
660 2697 943 2834 subcamerario
979 2701 1209 2818 cuyauiensi.
1269 2699 1407 2788 Actum
1442 2730 1544 2790 anno
1584 2699 1724 2788 dommi
1757 2697 1816 2786 Μο
1852 2700 1900 2786 C⁰
1936 2698 1984 2787 C⁰
2019 2695 2069 2834 Q

438 2831 609 3024 sepppno.
661 2816 801 2954 Datum
828 2847 863 2904 m
892 2822 1096 2954 dracontii,
1127 2817 1247 2938 pridie
1266 2847 1390 2908 nonas
1409 2817 1608 2938 lebruan'j,
1639 2847 1860 2937 permanes
1884 2817 2069 2906 lobannis

439 2965 483 3024 su
584 2934 724 3054 cellarrp
746 2964 1016 3026 crocoureusrs.

1045 3447 1054 3460 ,
1146 3297 1359 3422 meru.

441 3588 998 3688 ronrmtaoumurue,
1032 3608 1190 3678 omno
1221 3589 1373 3680 lact
1402 3591 1496 3678 dte
1525 3589 1595 3678 31
1623 3595 1823 3681 mento
1855 3593 2067 3680 marm.

439 3809 596 3884 lucsco
621 3811 655 3884 et
678 3805 989 3882 Prcmtslous
1013 3809 1115 3884 bucer
1139 3809 1518 3906 conmonuemus
1537 3811 1632 3888 rtttm
1654 3813 1769 3882 metro
1789 3829 1810 3886 e
1829 3811 2008 3888 Wtotimtm
2028 3811 2069 3888 tr

437 3909 563 4005 metro
583 3907 653 3984 tuo
673 3909 810 3984 tuortci
830 3909 980 4004 tundet,
1003 3909 1210 4003 brummont
1230 3913 1422 3988 monnone
1445 3913 1697 3990 emeterium
1716 3913 1847 4006 mcum,
1871 3915 1975 3989 rutum
1995 3929 2069 3988 erm

435 4012 563 4108 tutent,
584 4015 620 4088 et
639 4011 830 4104 hminum
851 4013 1006 4106 euentum
1027 4013 1068 4088 tr
1088 4015 1324 4107 tuevtmemno
1345 4015 1517 4090 tttotttutrt
1536 4021 1720 4109 comatum,
1743 4015 1955 4092 rtutterttom
1974 4013 2069 4091 rlllm

610 4115 739 4188 &utne
753 4115 823 4214 tem
843 4119 940 4193 mter
959 4117 1002 4193 rtr
1023 4117 1135 4194 mem
1156 4116 1521 4204 monmorentius,
1543 4118 1710 4196 tertium
1731 4117 1902 4195 turmae
2019 4132 2033 4156 ‘

1233 4375 1319 4442 ron
1332 4373 1356 4442 t.
1370 4373 1460 4463 cuju
1474 4371 1593 4444 curan
1606 4393 1636 4462 p.
1656 4341 1718 4443 irs·
1730 4373 1786 4444 rru
1799 4371 1863 4444 uu.
