<?xml version="1.0" encoding="UTF-8"?>
<!DOCTYPE html PUBLIC "-//W3C//DTD XHTML 1.0 Transitional//EN"
    "http://www.w3.org/TR/xhtml1/DTD/xhtml1-transitional.dtd">
<html xmlns="http://www.w3.org/1999/xhtml" xml:lang="en" lang="en">
 <head>
  <title>
</title>
<meta http-equiv="Content-Type" content="text/html;charset=utf-8" />
  <meta name='ocr-system' content='tesseract 3.04.00' />
  <meta name='ocr-capabilities' content='ocr_page ocr_carea ocr_par ocr_line ocrx_word'/>
</head>
<body>
  <div class='ocr_page' id='page_1' title='image "./codexdiplomatic01bartgoog_0056.png"; bbox 0 0 4984 5930; ppageno 0'>
   <div class='ocr_carea' id='block_1_1' title="bbox 229 1137 247 1248">
    <p class='ocr_par' dir='ltr' id='par_1_1' title="bbox 229 1137 247 1248">
     <span class='ocr_line' id='line_1_1' title="bbox 229 1137 247 1248; baseline 0 -19"><span class='ocrx_word' id='word_1_1' title='bbox 229 1137 247 1248; x_wconf 69' lang='lat' dir='ltr'>t</span> 
     </span>
    </p>
   </div>
   <div class='ocr_carea' id='block_1_2' title="bbox 1062 805 1311 878">
    <p class='ocr_par' dir='ltr' id='par_1_2' title="bbox 1062 805 1311 878">
     <span class='ocr_line' id='line_1_2' title="bbox 1062 805 1311 878; baseline -0.008 -18"><span class='ocrx_word' id='word_1_2' title='bbox 1062 805 1311 878; x_wconf 67' lang='lat' dir='ltr'>..le-</span> 
     </span>
    </p>
   </div>
   <div class='ocr_carea' id='block_1_3' title="bbox 362 1004 2000 1478">
    <p class='ocr_par' dir='ltr' id='par_1_3' title="bbox 362 1004 2000 1478">
     <span class='ocr_line' id='line_1_3' title="bbox 363 1004 2000 1126; baseline -0.001 -28"><span class='ocrx_word' id='word_1_3' title='bbox 363 1011 442 1098; x_wconf 87' lang='lat' dir='ltr'>suis</span> <span class='ocrx_word' id='word_1_4' title='bbox 473 1007 646 1096; x_wconf 91' lang='lat' dir='ltr'>omnibus</span> <span class='ocrx_word' id='word_1_5' title='bbox 676 1004 934 1123; x_wconf 76' lang='lat' dir='ltr'>pertinenciis,</span> <span class='ocrx_word' id='word_1_6' title='bbox 968 1005 1086 1092; x_wconf 88' lang='lat' dir='ltr'>etsie</span> <span class='ocrx_word' id='word_1_7' title='bbox 1116 1008 1282 1094; x_wconf 89' lang='lat' dir='ltr'>cessauit</span> <span class='ocrx_word' id='word_1_8' title='bbox 1311 1007 1511 1093; x_wconf 77' lang='lat' dir='ltr'><strong>contencio</strong></span> <span class='ocrx_word' id='word_1_9' title='bbox 1543 1035 1658 1124; x_wconf 90' lang='lat' dir='ltr'>super</span> <span class='ocrx_word' id='word_1_10' title='bbox 1688 1007 1776 1094; x_wconf 82' lang='lat' dir='ltr'>uilla</span> <span class='ocrx_word' id='word_1_11' title='bbox 1807 1009 2000 1126; x_wconf 80' lang='lat' dir='ltr'>prephato3</span> 
     </span>
     <span class='ocr_line' id='line_1_4' title="bbox 362 1121 2000 1245; baseline -0.001 -29"><span class='ocrx_word' id='word_1_12' title='bbox 362 1126 605 1245; x_wconf 90' lang='lat' dir='ltr'>deindepost</span> <span class='ocrx_word' id='word_1_13' title='bbox 627 1153 764 1211; x_wconf 92' lang='lat' dir='ltr'>annum</span> <span class='ocrx_word' id='word_1_14' title='bbox 787 1137 825 1209; x_wconf 90' lang='lat' dir='ltr'>et</span> <span class='ocrx_word' id='word_1_15' title='bbox 846 1121 1033 1210; x_wconf 91' lang='lat' dir='ltr'>dimidium</span> <span class='ocrx_word' id='word_1_16' title='bbox 1056 1121 1115 1208; x_wconf 87' lang='lat' dir='ltr'>uei</span> <span class='ocrx_word' id='word_1_17' title='bbox 1136 1124 1312 1240; x_wconf 86' lang='lat' dir='ltr'>amplius,</span> <span class='ocrx_word' id='word_1_18' title='bbox 1329 1122 1400 1240; x_wconf 83' lang='lat' dir='ltr'>iitij</span> <span class='ocrx_word' id='word_1_19' title='bbox 1423 1124 1550 1210; x_wconf 88' lang='lat' dir='ltr'>Sasini</span> <span class='ocrx_word' id='word_1_20' title='bbox 1571 1122 1821 1213; x_wconf 90' lang='lat' dir='ltr'>uendiderunt</span> <span class='ocrx_word' id='word_1_21' title='bbox 1840 1127 2000 1215; x_wconf 87' lang='lat' dir='ltr'>eandem</span> 
     </span>
     <span class='ocr_line' id='line_1_5' title="bbox 363 1239 1999 1362; baseline 0.001 -29"><span class='ocrx_word' id='word_1_22' title='bbox 363 1245 505 1350; x_wconf 82' lang='lat' dir='ltr'>uittam,</span> <span class='ocrx_word' id='word_1_23' title='bbox 535 1273 646 1362; x_wconf 91' lang='lat' dir='ltr'>quam</span> <span class='ocrx_word' id='word_1_24' title='bbox 670 1245 794 1361; x_wconf 88' lang='lat' dir='ltr'>quiete</span> <span class='ocrx_word' id='word_1_25' title='bbox 816 1240 1068 1357; x_wconf 73' lang='lat' dir='ltr'><strong>possederant</strong></span> <span class='ocrx_word' id='word_1_26' title='bbox 1097 1239 1148 1326; x_wconf 87' lang='lat' dir='ltr'>M.</span> <span class='ocrx_word' id='word_1_27' title='bbox 1171 1241 1330 1354; x_wconf 81' lang='lat' dir='ltr'>(icbeeli)</span> <span class='ocrx_word' id='word_1_28' title='bbox 1358 1243 1542 1360; x_wconf 87' lang='lat' dir='ltr'>episcopo</span> <span class='ocrx_word' id='word_1_29' title='bbox 1563 1243 1727 1347; x_wconf 87' lang='lat' dir='ltr'>cuiauie,</span> <span class='ocrx_word' id='word_1_30' title='bbox 1759 1273 1829 1360; x_wconf 90' lang='lat' dir='ltr'>pro</span> <span class='ocrx_word' id='word_1_31' title='bbox 1851 1275 1884 1334; x_wconf 89' lang='lat' dir='ltr'>c.</span> <span class='ocrx_word' id='word_1_32' title='bbox 1907 1260 1944 1334; x_wconf 90' lang='lat' dir='ltr'>et</span> <span class='ocrx_word' id='word_1_33' title='bbox 1963 1277 1999 1334; x_wconf 70' lang='lat' dir='ltr'>n</span> 
     </span>
     <span class='ocr_line' id='line_1_6' title="bbox 362 1355 2000 1478; baseline 0 -26"><span class='ocrx_word' id='word_1_34' title='bbox 362 1365 511 1468; x_wconf 87' lang='lat' dir='ltr'>marcis,</span> <span class='ocrx_word' id='word_1_35' title='bbox 533 1361 701 1478; x_wconf 81' lang='lat' dir='ltr'>acceptis</span> <span class='ocrx_word' id='word_1_36' title='bbox 721 1360 804 1472; x_wconf 83' lang='lat' dir='ltr'>(sic)</span> <span class='ocrx_word' id='word_1_37' title='bbox 826 1359 940 1446; x_wconf 87' lang='lat' dir='ltr'>rebus</span> <span class='ocrx_word' id='word_1_38' title='bbox 961 1358 1055 1477; x_wconf 86' lang='lat' dir='ltr'>atijs,</span> <span class='ocrx_word' id='word_1_39' title='bbox 1076 1371 1121 1443; x_wconf 90' lang='lat' dir='ltr'>et·</span> <span class='ocrx_word' id='word_1_40' title='bbox 1135 1359 1269 1446; x_wconf 89' lang='lat' dir='ltr'>eodem</span> <span class='ocrx_word' id='word_1_41' title='bbox 1292 1357 1406 1446; x_wconf 89' lang='lat' dir='ltr'>modo</span> <span class='ocrx_word' id='word_1_42' title='bbox 1427 1389 1503 1476; x_wconf 88' lang='lat' dir='ltr'>quo</span> <span class='ocrx_word' id='word_1_43' title='bbox 1526 1359 1610 1448; x_wconf 83' lang='lat' dir='ltr'>totis</span> <span class='ocrx_word' id='word_1_44' title='bbox 1631 1361 1804 1448; x_wconf 90' lang='lat' dir='ltr'>uendicio</span> <span class='ocrx_word' id='word_1_45' title='bbox 1825 1355 2000 1452; x_wconf 88' lang='lat' dir='ltr'>roborari</span> 
     </span>
    </p>
   </div>
   <div class='ocr_carea' id='block_1_4' title="bbox 234 1475 1999 1594">
    <p class='ocr_par' dir='ltr' id='par_1_4' title="bbox 234 1475 1999 1594">
     <span class='ocr_line' id='line_1_7' title="bbox 234 1475 1999 1594; baseline 0.001 -27"><span class='ocrx_word' id='word_1_46' title='bbox 234 1487 260 1588; x_wconf 49' lang='lat' dir='ltr'>t,</span> <span class='ocrx_word' id='word_1_47' title='bbox 355 1481 577 1578; x_wconf 76' lang='lat' dir='ltr'>consueuit,</span> <span class='ocrx_word' id='word_1_48' title='bbox 605 1481 703 1568; x_wconf 89' lang='lat' dir='ltr'>sicut</span> <span class='ocrx_word' id='word_1_49' title='bbox 732 1480 804 1566; x_wconf 89' lang='lat' dir='ltr'>iam</span> <span class='ocrx_word' id='word_1_50' title='bbox 835 1475 972 1564; x_wconf 84' lang='lat' dir='ltr'>dictum</span> <span class='ocrx_word' id='word_1_51' title='bbox 1002 1493 1060 1564; x_wconf 89' lang='lat' dir='ltr'>est</span> <span class='ocrx_word' id='word_1_52' title='bbox 1089 1506 1218 1565; x_wconf 86' lang='lat' dir='ltr'>coram</span> <span class='ocrx_word' id='word_1_53' title='bbox 1246 1478 1377 1582; x_wconf 86' lang='lat' dir='ltr'>nobis,</span> <span class='ocrx_word' id='word_1_54' title='bbox 1404 1495 1441 1566; x_wconf 87' lang='lat' dir='ltr'>et</span> <span class='ocrx_word' id='word_1_55' title='bbox 1461 1506 1590 1564; x_wconf 90' lang='lat' dir='ltr'>coram</span> <span class='ocrx_word' id='word_1_56' title='bbox 1611 1491 1719 1594; x_wconf 90' lang='lat' dir='ltr'>patre</span> <span class='ocrx_word' id='word_1_57' title='bbox 1748 1495 1879 1568; x_wconf 89' lang='lat' dir='ltr'>nostro</span> <span class='ocrx_word' id='word_1_58' title='bbox 1902 1479 1999 1570; x_wconf 89' lang='lat' dir='ltr'>duce</span> 
     </span>
    </p>
   </div>
   <div class='ocr_carea' id='block_1_5' title="bbox 361 1593 1999 2190">
    <p class='ocr_par' dir='ltr' id='par_1_5' title="bbox 361 1593 1999 2190">
     <span class='ocr_line' id='line_1_8' title="bbox 363 1593 1997 1714; baseline 0.001 -26"><span class='ocrx_word' id='word_1_59' title='bbox 363 1597 557 1703; x_wconf 89' lang='lat' dir='ltr'>Conrado,</span> <span class='ocrx_word' id='word_1_60' title='bbox 578 1596 793 1714; x_wconf 88' lang='lat' dir='ltr'>nostrisque</span> <span class='ocrx_word' id='word_1_61' title='bbox 809 1593 1026 1698; x_wconf 83' lang='lat' dir='ltr'>baronibus,</span> <span class='ocrx_word' id='word_1_62' title='bbox 1047 1594 1148 1682; x_wconf 87' lang='lat' dir='ltr'>nulio</span> <span class='ocrx_word' id='word_1_63' title='bbox 1165 1595 1458 1700; x_wconf 74' lang='lat' dir='ltr'>contradicente,</span> <span class='ocrx_word' id='word_1_64' title='bbox 1480 1611 1590 1712; x_wconf 86' lang='lat' dir='ltr'>prout</span> <span class='ocrx_word' id='word_1_65' title='bbox 1610 1596 1738 1682; x_wconf 81' lang='lat' dir='ltr'><strong>debuit</strong></span> <span class='ocrx_word' id='word_1_66' title='bbox 1754 1596 1997 1689; x_wconf 82' lang='lat' dir='ltr'>confirmauit·</span> 
     </span>
     <span class='ocr_line' id='line_1_9' title="bbox 362 1711 1999 1834; baseline 0.001 -29"><span class='ocrx_word' id='word_1_67' title='bbox 362 1721 469 1806; x_wconf 83' lang='lat' dir='ltr'>euius</span> <span class='ocrx_word' id='word_1_68' title='bbox 497 1713 710 1802; x_wconf 88' lang='lat' dir='ltr'>vendicioni</span> <span class='ocrx_word' id='word_1_69' title='bbox 738 1715 901 1801; x_wconf 92' lang='lat' dir='ltr'>omnium</span> <span class='ocrx_word' id='word_1_70' title='bbox 929 1727 1097 1798; x_wconf 90' lang='lat' dir='ltr'>nostrum</span> <span class='ocrx_word' id='word_1_71' title='bbox 1129 1742 1341 1799; x_wconf 84' lang='lat' dir='ltr'>consensus</span> <span class='ocrx_word' id='word_1_72' title='bbox 1371 1741 1446 1799; x_wconf 90' lang='lat' dir='ltr'>non</span> <span class='ocrx_word' id='word_1_73' title='bbox 1467 1713 1590 1800; x_wconf 83' lang='lat' dir='ltr'>defuit.</span> <span class='ocrx_word' id='word_1_74' title='bbox 1642 1711 1761 1834; x_wconf 78' lang='lat' dir='ltr'>igitur</span> <span class='ocrx_word' id='word_1_75' title='bbox 1781 1717 1853 1802; x_wconf 88' lang='lat' dir='ltr'>iam</span> <span class='ocrx_word' id='word_1_76' title='bbox 1875 1714 1999 1806; x_wconf 86' lang='lat' dir='ltr'>dictos</span> 
     </span>
     <span class='ocr_line' id='line_1_10' title="bbox 361 1803 1998 1953; baseline 0.001 -31"><span class='ocrx_word' id='word_1_77' title='bbox 361 1837 493 1953; x_wconf 89' lang='lat' dir='ltr'>cpisco</span> <span class='ocrx_word' id='word_1_78' title='bbox 522 1863 567 1919; x_wconf 91' lang='lat' dir='ltr'>us</span> <span class='ocrx_word' id='word_1_79' title='bbox 598 1831 764 1918; x_wconf 88' lang='lat' dir='ltr'>dominio</span> <span class='ocrx_word' id='word_1_80' title='bbox 790 1831 875 1917; x_wconf 86' lang='lat' dir='ltr'>uiiie</span> <span class='ocrx_word' id='word_1_81' title='bbox 896 1857 1006 1934; x_wconf 59' lang='lat' dir='ltr'>usus</span> <span class='ocrx_word' id='word_1_82' title='bbox 1034 1829 1163 1916; x_wconf 90' lang='lat' dir='ltr'>merito</span> <span class='ocrx_word' id='word_1_83' title='bbox 1184 1829 1312 1918; x_wconf 77' lang='lat' dir='ltr'>debuit</span> <span class='ocrx_word' id='word_1_84' title='bbox 1333 1803 1405 1916; x_wconf 79' lang='lat' dir='ltr'>rbci</span> <span class='ocrx_word' id='word_1_85' title='bbox 1426 1859 1632 1947; x_wconf 84' lang='lat' dir='ltr'>possessor</span> <span class='ocrx_word' id='word_1_86' title='bbox 1651 1832 1735 1920; x_wconf 84' lang='lat' dir='ltr'>oilie</span> <span class='ocrx_word' id='word_1_87' title='bbox 1757 1849 1794 1920; x_wconf 92' lang='lat' dir='ltr'>et</span> <span class='ocrx_word' id='word_1_88' title='bbox 1813 1832 1998 1942; x_wconf 90' lang='lat' dir='ltr'>dominus,</span> 
     </span>
     <span class='ocr_line' id='line_1_11' title="bbox 361 1863 1997 2068; baseline 0.001 -28"><span class='ocrx_word' id='word_1_89' title='bbox 361 1970 399 2042; x_wconf 88' lang='lat' dir='ltr'>et</span> <span class='ocrx_word' id='word_1_90' title='bbox 428 1863 591 2038; x_wconf 64' lang='lat' dir='ltr'>ecciesia</span> <span class='ocrx_word' id='word_1_91' title='bbox 623 1948 787 2035; x_wconf 90' lang='lat' dir='ltr'>debebat</span> <span class='ocrx_word' id='word_1_92' title='bbox 816 1945 987 2068; x_wconf 82' lang='lat' dir='ltr'>gaudere</span> <span class='ocrx_word' id='word_1_93' title='bbox 1017 1945 1066 2034; x_wconf 92' lang='lat' dir='ltr'>de</span> <span class='ocrx_word' id='word_1_94' title='bbox 1096 1947 1264 2034; x_wconf 90' lang='lat' dir='ltr'>eiusdem</span> <span class='ocrx_word' id='word_1_95' title='bbox 1292 1948 1377 2034; x_wconf 86' lang='lat' dir='ltr'>uitie</span> <span class='ocrx_word' id='word_1_96' title='bbox 1399 1951 1524 2066; x_wconf 87' lang='lat' dir='ltr'>quieta</span> <span class='ocrx_word' id='word_1_97' title='bbox 1545 1951 1803 2067; x_wconf 85' lang='lat' dir='ltr'>possessione.</span> <span class='ocrx_word' id='word_1_98' title='bbox 1854 1951 1997 2042; x_wconf 87' lang='lat' dir='ltr'>Verum</span> 
     </span>
     <span class='ocr_line' id='line_1_12' title="bbox 361 2066 1998 2190; baseline 0.001 -33"><span class='ocrx_word' id='word_1_99' title='bbox 361 2072 448 2190; x_wconf 88' lang='lat' dir='ltr'>quia</span> <span class='ocrx_word' id='word_1_100' title='bbox 477 2069 596 2155; x_wconf 91' lang='lat' dir='ltr'>iustus</span> <span class='ocrx_word' id='word_1_101' title='bbox 625 2069 754 2184; x_wconf 90' lang='lat' dir='ltr'>sepius</span> <span class='ocrx_word' id='word_1_102' title='bbox 784 2095 854 2184; x_wconf 87' lang='lat' dir='ltr'>pro</span> <span class='ocrx_word' id='word_1_103' title='bbox 881 2066 1025 2152; x_wconf 90' lang='lat' dir='ltr'>iusticia</span> <span class='ocrx_word' id='word_1_104' title='bbox 1056 2067 1225 2182; x_wconf 90' lang='lat' dir='ltr'>peccatis</span> <span class='ocrx_word' id='word_1_105' title='bbox 1256 2067 1492 2182; x_wconf 76' lang='lat' dir='ltr'>exigentibus</span> <span class='ocrx_word' id='word_1_106' title='bbox 1521 2069 1821 2184; x_wconf 74' lang='lat' dir='ltr'>persecutionem</span> <span class='ocrx_word' id='word_1_107' title='bbox 1851 2073 1998 2186; x_wconf 84' lang='lat' dir='ltr'>patitur,</span> 
     </span>
    </p>
   </div>
   <div class='ocr_carea' id='block_1_6' title="bbox 229 2183 1998 2308">
    <p class='ocr_par' dir='ltr' id='par_1_6' title="bbox 229 2183 1998 2308">
     <span class='ocr_line' id='line_1_13' title="bbox 229 2183 1998 2308; baseline 0.002 -34"><span class='ocrx_word' id='word_1_108' title='bbox 229 2203 238 2223; x_wconf 73' lang='grc'><em>“</em></span> <span class='ocrx_word' id='word_1_109' title='bbox 362 2219 430 2308; x_wconf 90' lang='lat' dir='ltr'>per</span> <span class='ocrx_word' id='word_1_110' title='bbox 459 2186 649 2272; x_wconf 92' lang='lat' dir='ltr'>dominam</span> <span class='ocrx_word' id='word_1_111' title='bbox 679 2197 835 2270; x_wconf 90' lang='lat' dir='ltr'>matrem</span> <span class='ocrx_word' id='word_1_112' title='bbox 866 2197 1033 2271; x_wconf 87' lang='lat' dir='ltr'>nostram</span> <span class='ocrx_word' id='word_1_113' title='bbox 1063 2213 1217 2272; x_wconf 86' lang='lat' dir='ltr'>uxorem</span> <span class='ocrx_word' id='word_1_114' title='bbox 1247 2183 1354 2271; x_wconf 91' lang='lat' dir='ltr'>ducis</span> <span class='ocrx_word' id='word_1_115' title='bbox 1385 2184 1533 2271; x_wconf 91' lang='lat' dir='ltr'>corradi</span> <span class='ocrx_word' id='word_1_116' title='bbox 1561 2185 1742 2272; x_wconf 90' lang='lat' dir='ltr'>uiolenter</span> <span class='ocrx_word' id='word_1_117' title='bbox 1769 2201 1829 2272; x_wconf 92' lang='lat' dir='ltr'>est</span> <span class='ocrx_word' id='word_1_118' title='bbox 1848 2191 1998 2276; x_wconf 81' lang='lat' dir='ltr'>eiectus</span> 
     </span>
    </p>
   </div>
   <div class='ocr_carea' id='block_1_7' title="bbox 361 2299 1999 2661">
    <p class='ocr_par' dir='ltr' id='par_1_7' title="bbox 361 2299 1999 2661">
     <span class='ocr_line' id='line_1_14' title="bbox 361 2299 1999 2419; baseline 0.001 -25"><span class='ocrx_word' id='word_1_119' title='bbox 361 2306 410 2394; x_wconf 88' lang='lat' dir='ltr'>de</span> <span class='ocrx_word' id='word_1_120' title='bbox 440 2303 527 2390; x_wconf 85' lang='lat' dir='ltr'>uitia</span> <span class='ocrx_word' id='word_1_121' title='bbox 557 2315 786 2406; x_wconf 88' lang='lat' dir='ltr'>memorata,</span> <span class='ocrx_word' id='word_1_122' title='bbox 823 2331 899 2388; x_wconf 94' lang='lat' dir='ltr'>non</span> <span class='ocrx_word' id='word_1_123' title='bbox 930 2300 1046 2388; x_wconf 88' lang='lat' dir='ltr'>semel</span> <span class='ocrx_word' id='word_1_124' title='bbox 1078 2299 1147 2385; x_wconf 88' lang='lat' dir='ltr'>sed</span> <span class='ocrx_word' id='word_1_125' title='bbox 1178 2302 1430 2419; x_wconf 79' lang='lat' dir='ltr'>aliquocienS,</span> <span class='ocrx_word' id='word_1_126' title='bbox 1466 2315 1503 2387; x_wconf 94' lang='lat' dir='ltr'>et</span> <span class='ocrx_word' id='word_1_127' title='bbox 1532 2303 1667 2390; x_wconf 82' lang='lat' dir='ltr'>muitas</span> <span class='ocrx_word' id='word_1_128' title='bbox 1702 2303 1795 2391; x_wconf 84' lang='lat' dir='ltr'>aiios</span> <span class='ocrx_word' id='word_1_129' title='bbox 1827 2307 1999 2395; x_wconf 75' lang='lat' dir='ltr'>sustinuit</span> 
     </span>
     <span class='ocr_line' id='line_1_15' title="bbox 361 2417 1999 2539; baseline -0.001 -26"><span class='ocrx_word' id='word_1_130' title='bbox 361 2424 527 2513; x_wconf 88' lang='lat' dir='ltr'>iniurias.</span> <span class='ocrx_word' id='word_1_131' title='bbox 581 2417 768 2508; x_wconf 87' lang='lat' dir='ltr'>Veientes</span> <span class='ocrx_word' id='word_1_132' title='bbox 803 2420 928 2536; x_wconf 89' lang='lat' dir='ltr'>itaque</span> <span class='ocrx_word' id='word_1_133' title='bbox 963 2419 1049 2506; x_wconf 87' lang='lat' dir='ltr'>huic</span> <span class='ocrx_word' id='word_1_134' title='bbox 1089 2417 1220 2505; x_wconf 85' lang='lat' dir='ltr'>lesioni</span> <span class='ocrx_word' id='word_1_135' title='bbox 1256 2417 1368 2505; x_wconf 83' lang='lat' dir='ltr'>tinem</span> <span class='ocrx_word' id='word_1_136' title='bbox 1405 2420 1620 2537; x_wconf 86' lang='lat' dir='ltr'>imponere,</span> <span class='ocrx_word' id='word_1_137' title='bbox 1661 2420 1711 2506; x_wconf 93' lang='lat' dir='ltr'>ab</span> <span class='ocrx_word' id='word_1_138' title='bbox 1747 2421 1850 2538; x_wconf 87' lang='lat' dir='ltr'>ipsa,</span> <span class='ocrx_word' id='word_1_139' title='bbox 1887 2439 1999 2539; x_wconf 86' lang='lat' dir='ltr'>prout</span> 
     </span>
     <span class='ocr_line' id='line_1_16' title="bbox 361 2535 1998 2661; baseline 0.002 -31"><span class='ocrx_word' id='word_1_140' title='bbox 361 2541 567 2661; x_wconf 88' lang='lat' dir='ltr'>potuimus,</span> <span class='ocrx_word' id='word_1_141' title='bbox 595 2535 797 2624; x_wconf 92' lang='lat' dir='ltr'>dominium</span> <span class='ocrx_word' id='word_1_142' title='bbox 825 2537 910 2624; x_wconf 84' lang='lat' dir='ltr'>oilie</span> <span class='ocrx_word' id='word_1_143' title='bbox 937 2537 1077 2624; x_wconf 90' lang='lat' dir='ltr'>nostris</span> <span class='ocrx_word' id='word_1_144' title='bbox 1105 2537 1234 2624; x_wconf 90' lang='lat' dir='ltr'>usibus</span> <span class='ocrx_word' id='word_1_145' title='bbox 1260 2536 1502 2642; x_wconf 81' lang='lat' dir='ltr'>adduximus,</span> <span class='ocrx_word' id='word_1_146' title='bbox 1533 2552 1570 2626; x_wconf 91' lang='lat' dir='ltr'>et</span> <span class='ocrx_word' id='word_1_147' title='bbox 1590 2569 1660 2656; x_wconf 93' lang='lat' dir='ltr'>pro</span> <span class='ocrx_word' id='word_1_148' title='bbox 1681 2538 1848 2626; x_wconf 91' lang='lat' dir='ltr'>remedio</span> <span class='ocrx_word' id='word_1_149' title='bbox 1869 2556 1998 2634; x_wconf 87' lang='lat' dir='ltr'>nostre</span> 
     </span>
    </p>
   </div>
   <div class='ocr_carea' id='block_1_8' title="bbox 258 2653 1998 2778">
    <p class='ocr_par' dir='ltr' id='par_1_8' title="bbox 258 2653 1998 2778">
     <span class='ocr_line' id='line_1_17' title="bbox 258 2653 1998 2778; baseline 0.002 -32"><span class='ocrx_word' id='word_1_150' title='bbox 258 2705 262 2718; x_wconf 94' lang='lat'>·</span> <span class='ocrx_word' id='word_1_151' title='bbox 361 2659 492 2748; x_wconf 82' lang='lat' dir='ltr'>salutis</span> <span class='ocrx_word' id='word_1_152' title='bbox 520 2670 766 2744; x_wconf 88' lang='lat' dir='ltr'>memoratam</span> <span class='ocrx_word' id='word_1_153' title='bbox 793 2655 932 2758; x_wconf 86' lang='lat' dir='ltr'>uillam,</span> <span class='ocrx_word' id='word_1_154' title='bbox 963 2655 1035 2740; x_wconf 90' lang='lat' dir='ltr'>iam</span> <span class='ocrx_word' id='word_1_155' title='bbox 1064 2653 1164 2742; x_wconf 90' lang='lat' dir='ltr'>dicto</span> <span class='ocrx_word' id='word_1_156' title='bbox 1191 2657 1373 2773; x_wconf 90' lang='lat' dir='ltr'>episcopo</span> <span class='ocrx_word' id='word_1_157' title='bbox 1403 2669 1441 2742; x_wconf 92' lang='lat' dir='ltr'>et</span> <span class='ocrx_word' id='word_1_158' title='bbox 1466 2655 1627 2744; x_wconf 84' lang='lat' dir='ltr'>ecclesie</span> <span class='ocrx_word' id='word_1_159' title='bbox 1653 2657 1763 2744; x_wconf 88' lang='lat' dir='ltr'>beate</span> <span class='ocrx_word' id='word_1_160' title='bbox 1785 2659 1940 2778; x_wconf 82' lang='lat' dir='ltr'>uirginis</span> <span class='ocrx_word' id='word_1_161' title='bbox 1960 2675 1998 2748; x_wconf 92' lang='lat' dir='ltr'>et</span> 
     </span>
    </p>
   </div>
   <div class='ocr_carea' id='block_1_9' title="bbox 360 2771 1997 3472">
    <p class='ocr_par' dir='ltr' id='par_1_9' title="bbox 360 2771 1997 3244">
     <span class='ocr_line' id='line_1_18' title="bbox 360 2771 1997 2892; baseline 0.001 -27"><span class='ocrx_word' id='word_1_162' title='bbox 360 2777 460 2866; x_wconf 86' lang='lat' dir='ltr'>beati</span> <span class='ocrx_word' id='word_1_163' title='bbox 517 2775 604 2874; x_wconf 87' lang='lat' dir='ltr'>etri,</span> <span class='ocrx_word' id='word_1_164' title='bbox 634 2777 716 2860; x_wconf 92' lang='lat' dir='ltr'>sine</span> <span class='ocrx_word' id='word_1_165' title='bbox 745 2802 814 2888; x_wconf 90' lang='lat' dir='ltr'>spe</span> <span class='ocrx_word' id='word_1_166' title='bbox 835 2771 1118 2875; x_wconf 89' lang='lat' dir='ltr'>reuocacionis,</span> <span class='ocrx_word' id='word_1_167' title='bbox 1151 2774 1392 2877; x_wconf 86' lang='lat' dir='ltr'>contulimus,</span> <span class='ocrx_word' id='word_1_168' title='bbox 1422 2789 1460 2860; x_wconf 92' lang='lat' dir='ltr'>et</span> <span class='ocrx_word' id='word_1_169' title='bbox 1478 2789 1692 2890; x_wconf 86' lang='lat' dir='ltr'>presentem</span> <span class='ocrx_word' id='word_1_170' title='bbox 1714 2777 1908 2892; x_wconf 77' lang='lat' dir='ltr'>paginam,</span> <span class='ocrx_word' id='word_1_171' title='bbox 1936 2779 1997 2866; x_wconf 79' lang='lat' dir='ltr'>‘cui</span> 
     </span>
     <span class='ocr_line' id='line_1_19' title="bbox 361 2805 1997 3013; baseline -0.002 -27"><span class='ocrx_word' id='word_1_172' title='bbox 361 2895 445 2986; x_wconf 83' lang='lat' dir='ltr'>tatis</span> <span class='ocrx_word' id='word_1_173' title='bbox 475 2805 630 2980; x_wconf 77' lang='lat' dir='ltr'>‹bnatio</span> <span class='ocrx_word' id='word_1_174' title='bbox 661 2891 841 2980; x_wconf 86' lang='lat' dir='ltr'>intitulata</span> <span class='ocrx_word' id='word_1_175' title='bbox 868 2905 946 2996; x_wconf 87' lang='lat' dir='ltr'>est,</span> <span class='ocrx_word' id='word_1_176' title='bbox 977 2889 1090 3008; x_wconf 80' lang='lat' dir='ltr'>sigilli</span> <span class='ocrx_word' id='word_1_177' title='bbox 1111 2891 1230 2978; x_wconf 92' lang='lat' dir='ltr'>nostri</span> <span class='ocrx_word' id='word_1_178' title='bbox 1249 2891 1485 3007; x_wconf 81' lang='lat' dir='ltr'>appensione</span> <span class='ocrx_word' id='word_1_179' title='bbox 1506 2893 1788 2980; x_wconf 88' lang='lat' dir='ltr'>communimus.</span> <span class='ocrx_word' id='word_1_180' title='bbox 1841 2894 1883 2980; x_wconf 92' lang='lat' dir='ltr'>Si</span> <span class='ocrx_word' id='word_1_181' title='bbox 1913 2896 1997 3013; x_wconf 87' lang='lat' dir='ltr'>quis</span> 
     </span>
     <span class='ocr_line' id='line_1_20' title="bbox 360 3005 1996 3124; baseline 0.002 -25"><span class='ocrx_word' id='word_1_182' title='bbox 360 3027 485 3100; x_wconf 88' lang='lat' dir='ltr'>autem</span> <span class='ocrx_word' id='word_1_183' title='bbox 511 3009 587 3097; x_wconf 93' lang='lat' dir='ltr'>hoc</span> <span class='ocrx_word' id='word_1_184' title='bbox 614 3007 737 3096; x_wconf 84' lang='lat' dir='ltr'>nobile</span> <span class='ocrx_word' id='word_1_185' title='bbox 762 3009 899 3094; x_wconf 86' lang='lat' dir='ltr'>iactum</span> <span class='ocrx_word' id='word_1_186' title='bbox 927 3005 1070 3092; x_wconf 83' lang='lat' dir='ltr'>uiolare</span> <span class='ocrx_word' id='word_1_187' title='bbox 1095 3007 1388 3124; x_wconf 86' lang='lat' dir='ltr'>attemptouerit,</span> <span class='ocrx_word' id='word_1_188' title='bbox 1419 3007 1619 3096; x_wconf 88' lang='lat' dir='ltr'>anathema</span> <span class='ocrx_word' id='word_1_189' title='bbox 1640 3009 1707 3115; x_wconf 90' lang='lat' dir='ltr'>sit,</span> <span class='ocrx_word' id='word_1_190' title='bbox 1739 3024 1777 3098; x_wconf 89' lang='lat' dir='ltr'>et</span> <span class='ocrx_word' id='word_1_191' title='bbox 1796 3009 1996 3102; x_wconf 87' lang='lat' dir='ltr'>uindictam</span> 
     </span>
     <span class='ocr_line' id='line_1_21' title="bbox 360 3123 1388 3244; baseline -0.008 -28"><span class='ocrx_word' id='word_1_192' title='bbox 360 3128 423 3218; x_wconf 89' lang='lat' dir='ltr'>dei</span> <span class='ocrx_word' id='word_1_193' title='bbox 443 3127 706 3244; x_wconf 91' lang='lat' dir='ltr'>omnipotentis</span> <span class='ocrx_word' id='word_1_194' title='bbox 727 3157 771 3213; x_wconf 90' lang='lat' dir='ltr'>se</span> <span class='ocrx_word' id='word_1_195' title='bbox 792 3127 1027 3212; x_wconf 90' lang='lat' dir='ltr'>incursurum</span> <span class='ocrx_word' id='word_1_196' title='bbox 1048 3125 1203 3210; x_wconf 89' lang='lat' dir='ltr'>noverit.</span> <span class='ocrx_word' id='word_1_197' title='bbox 1254 3123 1388 3212; x_wconf 83' lang='lat' dir='ltr'>Amen.</span> 
     </span>
    </p>

    <p class='ocr_par' dir='ltr' id='par_1_10' title="bbox 361 3239 1996 3472">
     <span class='ocr_line' id='line_1_22' title="bbox 462 3239 1996 3364; baseline 0.005 -34"><span class='ocrx_word' id='word_1_198' title='bbox 462 3243 600 3332; x_wconf 81' lang='lat' dir='ltr'>Actum</span> <span class='ocrx_word' id='word_1_199' title='bbox 639 3249 827 3332; x_wconf 74' lang='lat' dir='ltr'>Crosuiorir</span> <span class='ocrx_word' id='word_1_200' title='bbox 859 3271 960 3330; x_wconf 93' lang='lat' dir='ltr'>anno</span> <span class='ocrx_word' id='word_1_201' title='bbox 995 3239 1053 3328; x_wconf 81' lang='grc' dir='ltr'>Μο</span> <span class='ocrx_word' id='word_1_202' title='bbox 1084 3241 1170 3328; x_wconf 80' lang='lat' dir='ltr'>CC⁰</span> <span class='ocrx_word' id='word_1_203' title='bbox 1197 3241 1323 3328; x_wconf 88' lang='lat' dir='ltr'>XXX⁰</span> <span class='ocrx_word' id='word_1_204' title='bbox 1352 3239 1432 3328; x_wconf 79' lang='lat'>111⁰.</span> <span class='ocrx_word' id='word_1_205' title='bbox 1495 3240 1632 3330; x_wconf 89' lang='lat' dir='ltr'>Testes</span> <span class='ocrx_word' id='word_1_206' title='bbox 1660 3258 1784 3334; x_wconf 86' lang='lat' dir='ltr'>autern</span> <span class='ocrx_word' id='word_1_207' title='bbox 1821 3243 1869 3364; x_wconf 88' lang='lat' dir='ltr'>bij</span> <span class='ocrx_word' id='word_1_208' title='bbox 1899 3263 1996 3338; x_wconf 90' lang='lat' dir='ltr'>sunt·</span> 
     </span>
     <span class='ocr_line' id='line_1_23' title="bbox 361 3357 1995 3472; baseline -0.001 -18"><span class='ocrx_word' id='word_1_209' title='bbox 361 3393 493 3454; x_wconf 82' lang='lat' dir='ltr'>comes</span> <span class='ocrx_word' id='word_1_210' title='bbox 512 3361 720 3468; x_wconf 79' lang='lat' dir='ltr'>tohannes,</span> <span class='ocrx_word' id='word_1_211' title='bbox 740 3361 930 3464; x_wconf 85' lang='lat' dir='ltr'>Atbertus,</span> <span class='ocrx_word' id='word_1_212' title='bbox 950 3357 1167 3468; x_wconf 87' lang='lat' dir='ltr'>Miroslaus,</span> <span class='ocrx_word' id='word_1_213' title='bbox 1190 3359 1383 3464; x_wconf 86' lang='lat' dir='ltr'>Cesslaus,</span> <span class='ocrx_word' id='word_1_214' title='bbox 1404 3359 1582 3448; x_wconf 85' lang='lat' dir='ltr'>Aibertus</span> <span class='ocrx_word' id='word_1_215' title='bbox 1600 3361 1769 3452; x_wconf 89' lang='lat' dir='ltr'>decanus</span> <span class='ocrx_word' id='word_1_216' title='bbox 1791 3361 1995 3472; x_wconf 86' lang='lat' dir='ltr'>Crusuicie,</span> 
     </span>
    </p>
   </div>
   <div class='ocr_carea' id='block_1_10' title="bbox 242 3477 1995 3594">
    <p class='ocr_par' dir='ltr' id='par_1_11' title="bbox 242 3477 1995 3594">
     <span class='ocr_line' id='line_1_24' title="bbox 242 3477 1995 3594; baseline 0.007 -32"><span class='ocrx_word' id='word_1_217' title='bbox 242 3553 247 3562; x_wconf 91' lang='lat'>.</span> <span class='ocrx_word' id='word_1_218' title='bbox 361 3481 505 3570; x_wconf 87' lang='lat' dir='ltr'>Paulus</span> <span class='ocrx_word' id='word_1_219' title='bbox 527 3477 770 3583; x_wconf 65' lang='lat' dir='ltr'>scolasticus</span> <span class='ocrx_word' id='word_1_220' title='bbox 801 3496 931 3566; x_wconf 92' lang='lat' dir='ltr'>custos</span> <span class='ocrx_word' id='word_1_221' title='bbox 959 3477 1152 3586; x_wconf 81' lang='lat' dir='ltr'>Albertos,</span> <span class='ocrx_word' id='word_1_222' title='bbox 1178 3477 1376 3568; x_wconf 86' lang='lat' dir='ltr'>Jobannes</span> <span class='ocrx_word' id='word_1_223' title='bbox 1397 3478 1621 3567; x_wconf 81' lang='lat' dir='ltr'>scolasticus</span> <span class='ocrx_word' id='word_1_224' title='bbox 1642 3479 1995 3594; x_wconf 69' lang='lat' dir='ltr'>Wiadiziouienses,</span> 
     </span>
    </p>
   </div>
   <div class='ocr_carea' id='block_1_11' title="bbox 362 3597 845 3718">
    <p class='ocr_par' dir='ltr' id='par_1_12' title="bbox 362 3597 845 3718">
     <span class='ocr_line' id='line_1_25' title="bbox 362 3597 845 3718; baseline -0.004 -30"><span class='ocrx_word' id='word_1_225' title='bbox 362 3597 606 3718; x_wconf 89' lang='lat' dir='ltr'>Stbepbaous</span> <span class='ocrx_word' id='word_1_226' title='bbox 627 3598 845 3686; x_wconf 86' lang='lat' dir='ltr'>canonicus.</span> 
     </span>
    </p>
   </div>
   <div class='ocr_carea' id='block_1_12' title="bbox 1134 3847 1231 3962">
    <p class='ocr_par' dir='ltr' id='par_1_13' title="bbox 1134 3847 1231 3962">
     <span class='ocr_line' id='line_1_26' title="bbox 1134 3847 1231 3962; baseline -0.031 0"><span class='ocrx_word' id='word_1_227' title='bbox 1134 3847 1231 3962; x_wconf 85' lang='lat' dir='ltr'>XV.</span> 
     </span>
    </p>
   </div>
   <div class='ocr_carea' id='block_1_13' title="bbox 1006 4063 1359 4155">
    <p class='ocr_par' dir='ltr' id='par_1_14' title="bbox 1006 4063 1359 4155">
     <span class='ocr_line' id='line_1_27' title="bbox 1006 4063 1359 4155; baseline -0.008 0"><span class='ocrx_word' id='word_1_228' title='bbox 1006 4067 1169 4155; x_wconf 72' lang='lat' dir='ltr'>Anno</span> <span class='ocrx_word' id='word_1_229' title='bbox 1195 4063 1359 4152; x_wconf 76' lang='lat'><strong>123³.</strong></span> 
     </span>
    </p>
   </div>
   <div class='ocr_carea' id='block_1_14' title="bbox 360 4177 1992 4431">
    <p class='ocr_par' dir='ltr' id='par_1_15' title="bbox 360 4177 1992 4431">
     <span class='ocr_line' id='line_1_28' title="bbox 360 4177 1992 4332; baseline 0.001 -22"><span class='ocrx_word' id='word_1_230' title='bbox 360 4235 516 4310; x_wconf 68' lang='lat' dir='ltr'>nnus·</span> <span class='ocrx_word' id='word_1_231' title='bbox 537 4177 794 4328; x_wconf 67' lang='lat' dir='ltr'>uminum</span> <span class='ocrx_word' id='word_1_232' title='bbox 816 4230 1006 4310; x_wconf 71' lang='lat' dir='ltr'>amno·</span> <span class='ocrx_word' id='word_1_233' title='bbox 1023 4235 1216 4322; x_wconf 73' lang='lat' dir='ltr'>momen,</span> <span class='ocrx_word' id='word_1_234' title='bbox 1237 4234 1345 4307; x_wconf 74' lang='lat' dir='ltr'>num</span> <span class='ocrx_word' id='word_1_235' title='bbox 1370 4233 1507 4303; x_wconf 69' lang='lat' dir='ltr'>mame</span> <span class='ocrx_word' id='word_1_236' title='bbox 1527 4253 1548 4309; x_wconf 77' lang='grc' dir='ltr'>ι</span> <span class='ocrx_word' id='word_1_237' title='bbox 1570 4235 1722 4311; x_wconf 72' lang='lat' dir='ltr'>camno</span> <span class='ocrx_word' id='word_1_238' title='bbox 1742 4237 1825 4311; x_wconf 77' lang='lat' dir='ltr'>oro</span> <span class='ocrx_word' id='word_1_239' title='bbox 1847 4235 1992 4332; x_wconf 68' lang='lat' dir='ltr'>onam</span> 
     </span>
     <span class='ocr_line' id='line_1_29' title="bbox 705 4331 1756 4431; baseline -0.001 -19"><span class='ocrx_word' id='word_1_240' title='bbox 705 4337 861 4412; x_wconf 70' lang='lat' dir='ltr'>emerui</span> <span class='ocrx_word' id='word_1_241' title='bbox 876 4335 1127 4431; x_wconf 62' lang='lat' dir='ltr'>emanantem</span> <span class='ocrx_word' id='word_1_242' title='bbox 1142 4331 1333 4410; x_wconf 80' lang='lat' dir='ltr'>beretiten&#39;o</span> <span class='ocrx_word' id='word_1_243' title='bbox 1348 4336 1499 4411; x_wconf 70' lang='lat' dir='ltr'>auctu</span> <span class='ocrx_word' id='word_1_244' title='bbox 1513 4353 1588 4412; x_wconf 78' lang='lat' dir='ltr'>moe</span> <span class='ocrx_word' id='word_1_245' title='bbox 1602 4339 1651 4425; x_wconf 82' lang='lat'><strong>(¹).</strong></span> <span class='ocrx_word' id='word_1_246' title='bbox 1750 4352 1756 4366; x_wconf 93' lang='lat'>·</span> 
     </span>
    </p>
   </div>
   <div class='ocr_carea' id='block_1_15' title="bbox 361 4523 1994 4763">
    <p class='ocr_par' dir='ltr' id='par_1_16' title="bbox 361 4523 1994 4763">
     <span class='ocr_line' id='line_1_30' title="bbox 462 4523 1994 4638; baseline 0.001 -26"><span class='ocrx_word' id='word_1_247' title='bbox 462 4525 495 4612; x_wconf 87' lang='lat' dir='ltr'>F</span> <span class='ocrx_word' id='word_1_248' title='bbox 498 4523 611 4638; x_wconf 87' lang='lat' dir='ltr'>(uico)</span> <span class='ocrx_word' id='word_1_249' title='bbox 633 4525 757 4611; x_wconf 90' lang='lat' dir='ltr'>diuina</span> <span class='ocrx_word' id='word_1_250' title='bbox 780 4525 1025 4612; x_wconf 87' lang='lat' dir='ltr'>miseracione</span> <span class='ocrx_word' id='word_1_251' title='bbox 1045 4541 1293 4614; x_wconf 89' lang='lat' dir='ltr'>sacrosancte</span> <span class='ocrx_word' id='word_1_252' title='bbox 1314 4525 1551 4614; x_wconf 88' lang='lat' dir='ltr'>Gneznensis</span> <span class='ocrx_word' id='word_1_253' title='bbox 1573 4527 1712 4614; x_wconf 84' lang='lat' dir='ltr'>eclesie</span> <span class='ocrx_word' id='word_1_254' title='bbox 1726 4525 1871 4614; x_wconf 87' lang='lat' dir='ltr'>humilis</span> <span class='ocrx_word' id='word_1_255' title='bbox 1890 4527 1994 4614; x_wconf 93' lang='lat' dir='ltr'>mini-</span> 
     </span>
     <span class='ocr_line' id='line_1_31' title="bbox 361 4642 1993 4763; baseline -0.003 -27"><span class='ocrx_word' id='word_1_256' title='bbox 361 4659 441 4736; x_wconf 86' lang='lat' dir='ltr'>ster</span> <span class='ocrx_word' id='word_1_257' title='bbox 452 4645 625 4734; x_wconf 87' lang='lat' dir='ltr'>omnibus</span> <span class='ocrx_word' id='word_1_258' title='bbox 640 4642 852 4732; x_wconf 87' lang='lat' dir='ltr'>bominibus</span> <span class='ocrx_word' id='word_1_259' title='bbox 865 4656 940 4730; x_wconf 86' lang='lat' dir='ltr'>tarn</span> <span class='ocrx_word' id='word_1_260' title='bbox 951 4643 1190 4758; x_wconf 89' lang='lat' dir='ltr'>presentibus</span> <span class='ocrx_word' id='word_1_261' title='bbox 1208 4675 1320 4763; x_wconf 92' lang='lat' dir='ltr'>quam</span> <span class='ocrx_word' id='word_1_262' title='bbox 1334 4645 1475 4751; x_wconf 79' lang='lat' dir='ltr'>foturis,</span> <span class='ocrx_word' id='word_1_263' title='bbox 1492 4645 1626 4763; x_wconf 89' lang='lat' dir='ltr'>quibus</span> <span class='ocrx_word' id='word_1_264' title='bbox 1642 4674 1801 4763; x_wconf 86' lang='lat' dir='ltr'>presens</span> <span class='ocrx_word' id='word_1_265' title='bbox 1814 4646 1993 4762; x_wconf 86' lang='lat' dir='ltr'>scriptum</span> 
     </span>
    </p>
   </div>
   <div class='ocr_carea' id='block_1_16' title="bbox 361 4839 1994 5018">
    <p class='ocr_par' dir='ltr' id='par_1_17' title="bbox 361 4839 1994 5018">
     <span class='ocr_line' id='line_1_32' title="bbox 463 4839 1993 4942; baseline -0.001 -31"><span class='ocrx_word' id='word_1_266' title='bbox 463 4843 504 4928; x_wconf 63' lang='grc' dir='ltr'>(Ι)</span> <span class='ocrx_word' id='word_1_267' title='bbox 532 4843 581 4912; x_wconf 76' lang='lat' dir='ltr'>Ex</span> <span class='ocrx_word' id='word_1_268' title='bbox 605 4841 769 4942; x_wconf 70' lang='lat' dir='ltr'>archetypo</span> <span class='ocrx_word' id='word_1_269' title='bbox 797 4839 1030 4939; x_wconf 76' lang='lat' dir='ltr'>membranaceo</span> <span class='ocrx_word' id='word_1_270' title='bbox 1057 4841 1090 4906; x_wconf 89' lang='lat' dir='ltr'>in</span> <span class='ocrx_word' id='word_1_271' title='bbox 1104 4841 1263 4940; x_wconf 39' lang='lat' dir='ltr'>&#39;tabulario</span> <span class='ocrx_word' id='word_1_272' title='bbox 1289 4843 1411 4928; x_wconf 81' lang='lat' dir='ltr'>capituti</span> <span class='ocrx_word' id='word_1_273' title='bbox 1439 4841 1633 4942; x_wconf 70' lang='lat' dir='ltr'>(iniuriensis⁸</span> <span class='ocrx_word' id='word_1_274' title='bbox 1651 4849 1815 4940; x_wconf 63' lang='lat' dir='ltr'>ammoto</span> <span class='ocrx_word' id='word_1_275' title='bbox 1849 4842 1993 4940; x_wconf 35' lang='lat' dir='ltr'>&#39;Sigillum</span> 
     </span>
     <span class='ocr_line' id='line_1_33' title="bbox 361 4925 1994 5018; baseline -0.002 -22"><span class='ocrx_word' id='word_1_276' title='bbox 361 4947 529 5018; x_wconf 73' lang='lat' dir='ltr'>opponatur</span> <span class='ocrx_word' id='word_1_277' title='bbox 551 4927 689 4995; x_wconf 64' lang='lat' dir='ltr'>mauu·</span> <span class='ocrx_word' id='word_1_278' title='bbox 705 4947 804 4994; x_wconf 69' lang='lat' dir='ltr'>unco</span> <span class='ocrx_word' id='word_1_279' title='bbox 821 4925 929 4992; x_wconf 77' lang='lat' dir='ltr'>cotom</span> <span class='ocrx_word' id='word_1_280' title='bbox 942 4925 1027 4992; x_wconf 79' lang='lat' dir='ltr'>rubro</span> <span class='ocrx_word' id='word_1_281' title='bbox 1042 4933 1162 5012; x_wconf 71' lang='lat' dir='ltr'>paurum</span> <span class='ocrx_word' id='word_1_282' title='bbox 1175 4933 1222 4993; x_wconf 81' lang='lat' dir='ltr'>aot</span> <span class='ocrx_word' id='word_1_283' title='bbox 1234 4926 1427 4995; x_wconf 83' lang='lat' dir='ltr'>destructum.</span> <span class='ocrx_word' id='word_1_284' title='bbox 1462 4930 1547 4995; x_wconf 72' lang='lat' dir='ltr'>lucet</span> <span class='ocrx_word' id='word_1_285' title='bbox 1559 4925 1747 5016; x_wconf 67' lang='lat' dir='ltr'>portagium</span> <span class='ocrx_word' id='word_1_286' title='bbox 1760 4925 1819 4992; x_wconf 88' lang='lat' dir='ltr'>boo</span> <span class='ocrx_word' id='word_1_287' title='bbox 1831 4947 1898 4993; x_wconf 81' lang='lat' dir='ltr'>erne</span> <span class='ocrx_word' id='word_1_288' title='bbox 1912 4946 1994 4993; x_wconf 84' lang='lat' dir='ltr'>enno</span> 
     </span>
    </p>
   </div>
   <div class='ocr_carea' id='block_1_17' title="bbox 0 0 2496 5926">
    <p class='ocr_par' dir='ltr' id='par_1_18' title="bbox 0 0 2496 5926">
     <span class='ocr_line' id='line_1_34' title="bbox 0 0 2496 5926; baseline 0 0"><span class='ocrx_word' id='word_1_289' title='bbox 0 0 2496 5926; x_wconf 95' lang='lat' dir='ltr'> </span> 
     </span>
    </p>
   </div>
  </div>
 </body>
</html>
