4896 5926
1016 775 1062 792 -
1120 735 1191 814 ltu
1247 777 1294 796 -

1005 1255 1008 1262 ,
1088 1099 1238 1222 exn·

446 1369 714 1468 Dobrtmt,
740 1391 896 1457 cuno
922 1369 1067 1458 1291
1094 1371 1188 1458 dic
1212 1373 1244 1459 1
1269 1375 1472 1463 memte
1499 1372 1850 1482 acuemus-n.
1931 1377 1935 1384 '

334 1567 650 1645 zie-omnus
663 1574 732 1646 ou
745 1572 946 1648 ttntrtncmtr
959 1573 1054 1646 nme
1074 1572 1208 1644 Gttorc
1222 1593 1281 1650 ses
1294 1578 1402 1668 potios
1418 1579 1514 1649 Gteuo
1529 1581 1682 1655 scaenis
1696 1580 1967 1658 mamanensi

552 1675 694 1768 proprus
709 1674 846 1765 itonam
859 1675 1037 1750 libonotum
1051 1673 1221 1749 rutrum
1235 1693 1335 1752 mnes
1349 1679 1531 1756 ruitum
1544 1681 1676 1774 bruto
1690 1685 1743 1769 (¹).

433 1896 764 2013 Quemadmodum
781 1898 1041 2003 omnishomo,
1063 1889 1196 2016 qui‘ad
1218 1900 1404 1989 catholice
1424 1897 1511 1990 lidei
1531 1901 1703 2022 peruenit
1717 1906 1966 2026 ognicinnam,

333 2018 479 2106 minime
499 2017 657 2122 dubitat,
684 2048 728 2106 se
749 2015 797 2104 de
818 2015 983 2134 paradisi
1003 2017 1198 2133 expulsum
1219 2021 1338 2134 patria
1359 2049 1430 2138 pro
1452 2037 1555 2110 reatu
1576 2025 1683 2137 primi
1704 2025 1885 2141 parentis:
1907 2027 1968 2114 sio

334 2135 484 2256 quilibet
510 2135 622 2264 debet
643 2135 693 2222 ad
715 2134 883 2226 eiusdem
904 2137 1114 2246 amenitatis
1139 2135 1302 2256 gloriam
1327 2139 1413 2228 tutis
1434 2139 1573 2230 viribus
1594 2141 1773 2230 hanelare
1795 2143 1877 2254 (sic)
1899 2140 1970 2256 (²);

335 2269 372 2341 et
391 2255 478 2372 quia
499 2268 747 2342 sacrosancta
781 2269 902 2344 mater
928 2256 1090 2344 ecclesia
1119 2269 1248 2346 nostre
1269 2257 1399 2346 salutis
1422 2271 1480 2348 est
1500 2257 1695 2346 mediatrix
1716 2273 1754 2345 et
1774 2261 1968 2380 magistra,

334 2385 484 2488 oportet
511 2373 709 2488 quemlibet
731 2372 780 2457 ad
802 2371 918 2486 ipsius
939 2373 1142 2490 suffragia,
1173 2387 1361 2492 tamquam
1389 2373 1588 2462 lactantem
1610 2375 1661 2464 ad
1682 2376 1819 2480 ubera,
1850 2379 1968 2466 omni·

334 2487 448 2576 mode
478 2488 693 2578 conuolare.
745 2488 881 2577 Omnis
912 2490 1067 2606 quippe,
1102 2491 1163 2608 qui
1194 2491 1452 2607 triumphantis
1486 2493 1646 2580 ecclesie
1678 2495 1840 2610 palmam
1870 2496 1971 2614 cupit

334 2605 529 2721 accipere;
556 2605 742 2692 militantis
763 2633 869 2691 arma
890 2605 1000 2692 debet
1022 2605 1226 2722 intrepidus
1246 2619 1459 2694 attrectare.
1499 2608 1619 2727 lgitur
1638 2625 1765 2698 notum
1787 2613 1834 2698 sit
1854 2614 1969 2700 omni·

335 2723 408 2812 bus
436 2739 564 2812 nostre
586 2739 684 2810 terre
706 2722 935 2828 castellanis,
957 2722 1166 2840 jndicibus,
1194 2722 1467 2832 subindicibus,
1494 2727 1720 2829 constitutis,
1751 2727 1969 2836 substitutis,

335 2843 527 2959 prefectis,
549 2842 808 2946 exactoribus,
838 2869 886 2926 ac
907 2841 1005 2944 aliis,
1032 2840 1081 2928 ad
1103 2870 1200 2958 quos
1222 2871 1381 2958 presens
1403 2843 1582 2960 scriptum
1604 2844 1835 2960 peruenerit:
1893 2845 1971 2932 und

336 2989 408 3048 nos
429 2959 644 3048 Semouitns
666 2956 726 3047 dei
746 2958 878 3076 gracia
900 2958 975 3045 dux
997 2957 1259 3064 Dubrinensis‚
1290 2961 1482 3076 cupientes
1504 2973 1637 3046 sancte
1659 2963 1787 3049 matris
1808 2875 1970 3050 eoblesie

386 3079 483 3165 cmio
505 3079 716 3184 conloueri,
735 3092 774 3164 et
793 3089 1001 3166 annuentes
1022 3077 1197 3195 peticioni
1217 3075 1519 3168 reuerendissimi
1540 3079 1657 3194 patris
1677 3080 1808 3184 nostri,
1830 3080 1971 3169 domini

336 3107 521 3283 ll'isslaui
542 3195 871 3282 Wiadisiauiensis
892 3195 1078 3314 episcopi,
1108 3194 1330 3284 contulimus
1351 3195 1558 3282 libertatem
1578 3195 1662 3285 ville
1684 3198 1784 3284 conti
1816 3227 1863 3284 ue
1887 3203 1970 3286 Gle-
2054 3276 2060 3305 ,

339 3309 499 3425 bunost),
521 3313 582 3400 ubi
600 3311 1013 3420 Coslratoommoratur,
1033 3314 1128 3399 inira
1144 3312 1342 3400 duodecim
1360 3343 1492 3420 nonos,
1514 3327 1554 3400 ut
1573 3311 1695 3402 nullus
1715 3225 1969 3433 predictorum

338 3430 594 3520 beneficorum
629 3447 825 3520 eteorum
861 3433 1167 3535 constitutorum,
1203 3430 1362 3518 eandem
1398 3431 1604 3520 libertatem
1639 3461 1735 3527 ausu
1771 3433 1970 3522 temerario

338 3563 531 3669 presumat
550 3549 759 3668 aliqualiter
778 3549 934 3654 irritare,
954 3579 1024 3666 per
1039 3580 1110 3638 nos
1126 3549 1307 3656 volentes,
1328 3548 1401 3636 deo
1422 3551 1655 3688 suffragante
1676 3551 1803 3640 civita
1823 3552 1971 3658 comita,

339 3699 408 3757 sen
429 3697 498 3788 per
518 3683 670 3755 nostros
691 3695 958 3774 successores,
990 3665 1144 3754 firmiter
1169 3667 1375 3754 obseruari.
1426 3669 1468 3756 Si
1499 3697 1583 3790 qurs
1608 3683 1733 3756 autem
1763 3667 1971 3790 predictam

339 3770 549 3876 libertatem'
567 3787 770 3906 inlringerc
791 3783 1005 3890 conabitur,
1032 3801 1199 3874 nostram
1220 3786 1385 3872 incurrat
1404 3785 1723 3904 indignacionem,
1752 3801 1788 3876 et
1809 3785 1972 3876 ecclesia

340 3933 410 3992 sun
430 3905 576 4028 rigore,
604 3905 712 3992 sicuti
733 3901 936 4014 condecet,
964 3899 1176 3992 ulciscatur.
1217 3899 1400 3992 Peractis
1426 3921 1549 3991 autem
1571 3905 1725 4021 prelatis
1746 3905 1854 3992 annis
1875 3899 1970 3990 duo-

442 4189 484 4274 l¹l
510 4187 558 4256 Ex
572 4187 732 4276 archetypo
745 4189 976 4276 membranaceo
991 4187 1128 4256 chuteni
1143 4187 1262 4274 capituli
1279 4185 1543 4254 Wlodislovicnsis.
1577 4185 1713 4272 Sigillum
1737 4205 1904 4272 oppansum
1924 4185 1970 4254 ln·

341 4273 441 4342 niculo
463 4273 558 4338 serico
572 4273 679 4338 coloris
694 4275 777 4338 rubri
799 4281 829 4338 et
844 4271 901 4337 albi
917 4271 1037 4338 exhibet
1052 4273 1212 4358 imaginem
1236 4271 1346 4338 Christi
1360 4272 1439 4335 cruci
1455 4269 1535 4335 affixi
1544 4319 1553 4348 ,
1575 4291 1592 4334 o
1608 4269 1691 4355 cujus
1706 4269 1810 4340 dextra
1825 4275 1910 4354 partu
1925 4277 1970 4336 est

341 4359 457 4427 eman
471 4357 562 4424 bonu
575 4377 687 4423 manns
700 4358 737 4422 nd
751 4375 819 4422 eom
834 4363 972 4422 emmens
986 4355 1116 4430 babens,
1139 4357 1176 4422 ab
1191 4357 1299 4428 altera
1318 4355 1454 4422 videlicet
1468 4354 1561 4429 loeva,
1575 4362 1661 4439 parte
1673 4353 1854 4438 consplc‘mr
1866 4354 1969 4440 imago

243 4498 248 4512 .
341 4443 471 4512 bominis
490 4442 533 4508 sic
553 4442 665 4508 dictum
680 4441 843 4508 turibulum
857 4440 996 4508 tenentis.
1029 4441 1074 4507 Ex
1090 4441 1188 4506 verbis
1203 4440 1351 4526 inscriptis
1366 4439 1440 4505 banc
1453 4445 1569 4504 tanmm
1585 4438 1644 4525 legi
1658 4445 1798 4526 possunt:
1818 4461 1861 4517 „c
1875 4460 1970 4505 reorn-

341 4529 415 4594 etti.
429 4577 437 4593 .
451 4575 467 4652 ‚²
474 4527 587 4591 briam
603 4575 610 4591 .
625 4525 649 4590 .”
1021 4607 1025 4612 ¹

429 4611 481 4794 .³l
504 4611 814 4768 {ineffigiatam
832 4695 939 4792 literne
960 4693 997 4760 bo
1018 4665 1133 4792 linodn·
1148 4693 1234 4762 unni
1253 4692 1371 4790 dolates
1391 4711 1448 4760 nos
1466 4711 1616 4844 (ποις
1627 4689 1748 4777 iubent,
1770 4689 1971 4791 imprimit
2076 4725 2080 4734 ·

297 4805 298 4812 ¹
343 4779 536 4846 exscribenda
556 4780 613 4846 bno
632 4801 708 4846 voce
729 4780 845 4864 lapsum
862 4779 967 4853 bnssm
989 4779 1069 4846 nulls
1083 4799 1171 4878 crium⁴
1181 4786 1227 4845 cst
1240 4777 1308 4846 villa
1325 4772 1467 4844 Gladim
1546 4785 1650 4863 pocus
1666 4772 1769 4846 tttm
1784 4785 1925 4846 tantm
1940 4783 1971 4844 ct

342 4863 473 4950 regionis
487 4864 657 4952 Lipnansis,
672 4864 830 4952 parochiae
845 4863 1049 4930 Dubrinaosis.
