4876 5940
950 763 1276 902 „''m,‘

217 1048 220 1054 ,
334 967 475 1060 micilia
494 963 759 1077 dinoscantur,
789 968 987 1088 ceterique,
1008 970 1069 1090 qui
1089 968 1229 1088 inclijs
1248 965 1475 1086 dyocesibus
1498 976 1791 1074 commorantur,
1821 968 1858 1057 in
1877 996 1945 1058 no·

340 1101 418 1177 stra
439 1086 594 1206 dyocesi
616 1086 892 1208 delinquentes,
921 1088 1075 1176 racione
1094 1087 1406 1176 delictiooatrum
1426 1087 1544 1176 ionum
1565 1088 1637 1176 sint
1656 1087 1793 1190 sortiti,
1827 1088 1946 1206 etqui
2101 1079 2104 1092 '

338 1207 575 1314 anctoritate,
606 1222 646 1295 ut
666 1205 832 1328 predicta
853 1207 1186 1312 committerentur,
1215 1206 1472 1324 prestiterunt,
1493 1218 1531 1293 et
1549 1207 1753 1312 consilium,
1773 1204 1946 1294 auxilium

338 1326 562 1415 et'lauorem
582 1326 633 1414 ad
652 1329 728 1415 hoc
746 1323 1011 1443 inpenderunt,
1041 1353 1089 1412 ac
1107 1327 1291 1444 premissa
1312 1325 1435 1414 omnia
1455 1339 1492 1414 et
1510 1323 1657 1444 singula
1674 1353 1803 1414 eorum
1818 1338 1945 1412 aneio

336 1444 445 1532 ritate
464 1459 502 1533 et
521 1445 669 1533 nomine
716 1457 902 1564 erpetratn
922 1458 1004 1532 rato
1024 1441 1232 1532 habuerunt
1251 1458 1288 1532 et
1307 1442 1461 1550 habent,
1482 1443 1601 1563 spolia
1623 1444 1658 1532 io
1679 1443 1788 1533 bonis
1807 1443 1946 1532 nostris

336 1576 495 1683 accepta
515 1475 730 1682 recipiendo
751 1579 788 1652 et
807 1563 977 1682 captiuos
998 1559 1217 1651 detinendo:
1249 1591 1333 1650 oum
1362 1563 1395 1650 is
1419 1592 1517 1660 ,vere
1542 1563 1768 1650 committere
1792 1560 1946 1666 dicatur,

336 1683 448 1771 onius
463 1685 683 1772 auctoritate
703 1696 741 1772 et
756 1683 933 1770 mandato
948 1681 1087 1802 aliquid
1102 1681 1355 1787 committitur,
1376 1695 1413 1768 et
1426 1679 1576 1771 dubium
1591 1710 1666 1770 non
1681 1681 1823 1792 existat
1845 1677 1947 1801 quod
2003 1758 2014 1782 ,

335 1799 539 1888 violatores
568 1815 606 1886 et
630 1799 835 1920 incendarij
855 1802 1118 1908 ecclesiarum,
1139 1816 1186 1888 et
1204 1829 1369 1920 quorum.
1381 1801 1600 1890 anctoritate
1620 1816 1657 1888 et
1675 1797 1869 1888 mandato·
1881 1828 1945 1888 eo·
2062 1895 2067 1904 ,

335 1917 452 2006 clesie
471 1915 654 2006 violantur
679 1935 718 2008 et
744 1919 1009 2028 incenduntur,
1040 1935 1077 2008 et
1103 1922 1165 2039 qni
1185 1917 1234 2008 ad
1255 1919 1329 2006 lroc
1349 1917 1559 2025 madium,
1589 1919 1761 2008 auxilium
1782 1931 1820 2006 et
1839 1918 1959 2036 lauo·¹

337 2065 416 2124 rem
437 2035 652 2156 inpendunt,
669 2039 752 2160 ipso
771 2039 872 2129 lacto
893 2070 940 2126 en
966 2039 1111 2128 demtis
1140 2067 1326 2128 canonum
1348 2037 1419 2126 sint
1438 2037 1837 2128 excommunicacionis
1857 2067 1944 2126 seu·

335 2155 457 2243 tenoio
489 2155 675 2262 innodati,
719 2173 858 2247 contro.
879 2187 948 2247 eos
976 2156 1187 2248 huiusmodi
1213 2157 1442 2246 sentenciam
1467 2157 1505 2245 in
1532 2157 1644 2261 locis,
1681 2155 1745 2244 ubi
1770 2153 1947 2274 expedire

335 2273 538 2379 videbitur,
569 2277 749 2365 iaciemus
770 2279 1033 2398 sollempniter,
1054 2276 1208 2366 domino
1239 2275 1458 2381 adiuuante,
1492 2275 1683 2395 publicari.
1744 2274 1879 2362 Datum
1908 2274 1946 2362 in

334 2398 458 2500 Brert
479 2407 625 2482 octono·
651 2395 750 2512 ydus
785 2397 924 2485 mensis
959 2395 1070 2512 lllaij,
1107 2423 1208 2482 anno
1240 2393 1378 2483 domini
1403 2393 1460 2482 Μ’
1489 2393 1604 2482 CCC⁰
1629 2395 1806 2484 vicesimo
1835 2419 1946 2482 nono.
2071 2431 2075 2440 ·

216 2615 220 2626 ‚
334 2508 575 2618 Exeoudooe
594 2515 704 2622 iacta,
719 2515 930 2634 insignum
950 2514 1090 2630 ipsius,
1111 2511 1244 2631 sigillis
1263 2514 1400 2602 uestris
1427 2512 1609 2630 aliquibus
1632 2513 1834 2632 appositio,
1863 2539 1946 2631 pre·

335 2644 464 2720 sentes
477 2630 593 2722 nobis
614 2632 755 2722 litteras
772 2632 977 2722 remittatis.
1069 2685 1072 2698 ·
1425 2664 1430 2678 ·

1063 2965 1193 3086 CCL.

282 3319 286 3328 ⁸
447 3141 724 3307 mooe,
738 3227 897 3299 mo
921 3203 1077 3304 racc
1103 3207 1197 3300 aee
1221 3127 1298 3294 aa
1321 3203 1522 3292 neum
1544 3203 1834 3301 caecant.
1911 3135 1914 3140 i

275 3443 279 3449 ·
335 3410 501 3508 injudicio
519 3413 679 3490 mercuri
693 3411 818 3508 quiden
831 3411 1242 3502 commonicionem
1258 3410 1444 3485 connecte
1463 3426 1538 3484 eoae
1551 3407 1761 3490 iraeadem,
1776 3425 1814 3482 ec
1828 3406 1945 3482 rorone

369 3513 861 3615 werceburcsteereoitetcm
880 3515 1027 3606 Oporooo
1041 3511 1153 3589 coniti
1167 3513 1356 3612 inlocum
1371 3513 1593 3608 odnoueonte
1614 3509 1848 3590 mainsendi
1865 3514 1912 3602 (¹1.
1997 3541 2043 3576 ·.
2108 3629 2116 3638 δ

374 3737 375 3744 ¹
436 3707 480 3796 ln
499 3705 824 3818 nominedomini,
855 3735 975 3795 amen.
1035 3703 1119 3795 Nos
1138 3705 1316 3796 Alberius
1335 3705 1545 3810 Palolinus,
1578 3703 1735 3795 Cheoda
1763 3707 1944 3803 Castella·
1997 3727 2024 3810 ¹,
2144 3722 2145 3730 '

336 3857 424 3931 noo,
454 3825 709 3948 Nasengneus
729 3823 852 3934 iudex,
872 3825 1119 3933 Brestenses,
1139 3841 1265 3915 notum
1291 3826 1448 3915 iacimus
1476 3826 1658 3914 uniuersis
1686 3844 1882 3946 presenoes
1901 3827 1944 3915 li-

210 4059 213 4066 .
335 3963 439 4036 teras
465 3948 524 4036 ins
551 3946 705 4036 octaris:
775 3943 892 4060 Quod
914 3945 1121 4034 constitutis
1141 3946 1177 4034 in
1213 3961 1342 4038 nostra
1370 3973 1570 4066 presencia
1599 3975 1634 4030 un
1665 3943 1801 4052 rudrcro
1825 3944 1944 4065 regali
2207 4042 2211 4052 ,

336 4064 488 4158 domina
515 3977 757 4172 draccoleno,
774 4065 908 4153 relicta
928 4061 1115 4187 quondam
1141 4063 1336 4170 dominici,
1368 4079 1404 4151 et
1423 4059 1567 4151 Lewna
1585 4047 1663 4150 lilio
1683 4061 1865 4170 eiusdem,
1895 4093 1955 4152 ac
2001 4065 2020 4159 l
2095 4053 2114 4145 l
2169 4093 2174 4104 ·

335 4183 601 4274 Swenioslaua
623 4193 754 4274 sorore
773 4184 902 4302 ipsius3
916 4184 999 4301 ipse
1018 4178 1162 4270 Lewna
1182 4212 1263 4289 suo,
1279 4181 1463 4271 etinatris
1482 4209 1531 4268 ac
1550 4181 1703 4290 sororis,
1724 4193 1762 4267 et
1788 4181 1943 4271 aliorum
2002 4199 2019 4313 j
2091 4217 2109 4309 s

315 4303 702 4425 ‘consanguineorum
723 4331 876 4392 suorum
897 4301 1046 4389 nomine
1060 4297 1301 4388 hereditatem
1322 4329 1452 4403 suam,-
1482 4329 1555 4436 que
1578 4304 1765 4414 Oporowo
1787 4299 1942 4422 wlgeri·
2001 4330 2005 4343 “

336 4441 394 4514 ter
413 4436 668 4543 nuncupatur,
697 4422 879 4510 iacentem
907 4419 944 4506 in
971 4434 1075 4508 terra
1103 4415 1259 4536 iuuenis
1279 4415 1547 4523 Wladislaure,
1578 4447 1692 4536 super
1711 4417 1859 4508 iluuiom
1881 4422 1942 4541 qui

436 4714 476 4802 (¹)
501 4715 548 4784 Ex
562 4713 720 4814 archetypo
733 4707 957 4778 membranaceo
969 4705 1107 4778 tabularii
1121 4703 1241 4794 copitruli
1252 4703 1511 4773 lilledoiariansis
1531 4704 1601 4774 'liin
1615 4705 1708 4793 sigilla
1723 4707 1858 4776 maniciis
1872 4727 1939 4796 per·

335 4803 469 4890 gememe
481 4820 613 4890 appenso
625 4805 744 4887 mortua
756 4793 861 4864 deleta.

667 4937 670 4944 .
725 4967 727 4975 Ι
1744 4912 1792 4970 m!
