4926 5940
1027 673 1372 759 '-too-

522 887 582 974 De
610 886 845 973 dominorum
875 839 1145 975 Cdauditcrum
1171 900 1386 974 nostrorum
1416 881 1575 974 consilio
1601 897 1640 974 et
1668 913 1831 976 assensu
1862 889 2050 1006 perhanc
2098 909 2104 922 '

421 1003 588 1095 nostram
609 1005 850 1112 sentenciam,
870 1003 982 1118 quam
1004 1034 1073 1124 pro
1093 1003 1264 1092 tribunali
1280 1003 1459 1092 sedentes
1487 1019 1523 1092 et
1551 1003 1672 1094 solum
1694 1003 1815 1093 Deum
1840 1037 1910 1123 pre
1930 1007 2052 1098 oeulis

420 1126 602 1214 babentes
618 1125 769 1211 lerimus
790 1125 826 1210 in
847 1123 918 1240 hijs
940 1125 1104 1242 scriptis,
1136 1125 1443 1239 pronunciamus,
1473 1121 1710 1212 decernimus
1741 1139 1779 1211 et
1799 1123 2052 1232 declaramus,

265 1306 268 1314 ·
421 1242 718 1362 appellacionem
738 1271 763 1328 a
782 1239 972 1330 diffinitiva
1001 1243 1204 1344 sentencia,
1237 1273 1305 1360 per
1335 1239 1586 1328 venerabilem
1619 1241 1808 1330 dominum
1837 1244 2050 1334 lobanuem

420 1362 468 1449 de
489 1359 604 1450 Mella
625 1361 891 1448 Coauditorem
908 1375 1076 1449 nostrum
1094 1363 1129 1448 in
1143 1387 1263 1448 causa
1279 1358 1500 1465 huiusmodi,
1516 1384 1589 1470 que
1602 1373 1692 1447 tunc
1707 1389 1836 1448 coram
1857 1393 1905 1450 eo
1926 1379 2050 1453 verte·

419 1481 529 1568 batur
547 1481 643 1566 inter
661 1481 761 1567 bone
781 1481 959 1566 memorie
980 1479 1167 1568 dominum
1187 1479 1398 1571 dobaunem
1418 1490 1508 1566 tunc
1527 1477 1778 1596 Episcopum,
1809 1493 1847 1566 et
1866 1511 1967 1569 nunc
1987 1511 2052 1572 co·

419 1629 501 1686 ram
521 1597 631 1686 nobis
651 1599 805 1688 vertitur
824 1599 917 1686 inter
937 1597 1205 1686 Reverendum
1227 1613 1370 1717 patrem
1392 1595 1580 1683 dominum
1601 1596 1811 1686 dobannem
1828 1599 2050 1687 modernum

419 1715 651 1834 Episcopum
674 1732 710 1804 et
730 1716 929 1804 ecclesiam
952 1715 1175 1805 Wladislaui
1227 1747 1306 1803 sem
1329 1714 1521 1832 predictos
1551 1745 1598 1802 ex
1625 1745 1717 1817 una,
1748 1745 1796 1802 ac
1826 1717 2045 1806 universita-

393 1838 510 1939 tem,
545 1835 814 1952 proconsules,
854 1836 1031 1923 consules
1068 1865 1115 1922 ao
1147 1837 1208 1954 opi
1238 1857 1333 1924 auos
1361 1833 1462 1952 opidi
1486 1837 1687 1933 Gdnnczlr,
1721 1832 2047 1924 Wladislavieusis

421 1953 597 2059 diocesis,
624 1955 789 2071 ipsorum
818 1951 1079 2054 adversarios,
1111 1951 1160 2040 de
1189 1966 1226 2043 et
1255 1983 1371 2072 super
1400 1951 1648 2041 demolicione
1677 1946 1872 2040 cuiusdam
1902 1951 2049 2052 domus,

421 2070 627 2159 addictam
649 2071 849 2160 ecclesiam
870 2071 1095 2190 spectantis,
1118 2071 1308 2187 rebusque
1323 2071 1406 2187 alijs
1427 2069 1601 2161 deductis
1622 2086 1808 2157 eteorum
1831 2074 2049 2173 occasione,

422 2189 588 2308 partibus
609 2220 656 2276 ex
677 2189 811 2292 altera,
842 2218 912 2307 pro
933 2191 1079 2306 prelato
1100 2189 1288 2306 quondam
1308 2189 1460 2277 domino
1475 2189 1660 2294 dobanne,
1679 2186 1875 2306 Episcopo
1899 2187 2050 2276 Wladi-

421 2306 609 2408 sionensi,
630 2305 906 2420 predecessore
927 2305 1127 2394 inmediato
1148 2309 1229 2420 (sic)
1251 2306 1338 2395 dicti
1360 2307 1497 2394 domini
1518 2305 1699 2424 Episcopi
1721 2303 1904 2408 moderni,
1927 2322 1964 2394 et
1984 2337 2049 2396 ec·

422 2423 537 2512 olesia
557 2423 750 2542 predictiS,
782 2423 874 2530 lata,
905 2455 974 2542 prp
995 2443 1102 2543 parte
1123 2425 1307 2515 dictorum
1339 2427 1608 2527 universitatis,
1640 2423 1854 2530 consulum,
1885 2430 2050 2542 procon-
2094 2483 2097 2489 κ

422 2573 503 2630 sum
544 2557 581 2628 et
601 2541 846 2661 opidanorum
879 2545 996 2632 luisse
1015 2559 1053 2654 ¹et
1076 2576 1164 2634 esse
1185 2544 1394 2651 desertam,
1426 2543 1639 2662 dictamque
1659 2543 1890 2630 sentenciam
1913 2539 2048 2632 diffini·

413 2662 533 2752 tivam
554 2660 591 2746 in
610 2691 688 2746 rem
711 2661 931 2750 transivisse
951 2661 1162 2766 iudicatam,
1180 2665 1421 2782 prelatosque
1436 2663 1732 2780 universitatem,
1755 2661 1943 2771 consulas,
1960 2691 2048 2780 pro·

420 2780 598 2867 consules
626 2793 663 2866 et
681 2777 867 2894 opidanos
887 2781 923 2869 in
939 2783 1128 2900 expensis,
1156 2797 1359 2900 propterea
1379 2783 1415 2869 in
1436 2779 1510 2868 bac
1530 2781 1715 2868 instancia
1736 2779 1913 2898 legittime
1926 2781 2047 2885 lactis

421 2895 760 3014 condempnandos
789 2898 870 2986 lore
898 2914 937 2986 et
965 2899 1307 3016 condempnamus,
1339 2896 1495 3016 quarum
1526 2927 1778 3016 expensarum
1812 2899 2049 2986 lavacionem

420 3013 530 3103 nobis
560 3015 788 3132 inposterum
816 3011 1069 3106 reservamus.
1131 3018 1172 3106 A·
1198 3047 1273 3136 qua
1298 3017 1447 3130 quidem
1469 3017 1662 3104 sentencia
1682 3015 1769 3104 dicti
1791 3014 1930 3104 domini
1949 3016 2050 3105 Lau-

421 3132 535 3248 rencij
558 3131 740 3220 auditoris
759 3135 823 3220 luit
843 3165 914 3254 pro
934 3149 1041 3253 parte
1061 3138 1226 3254 ipsorum
1244 3135 1531 3253 proconsulum,
1552 3135 1769 3240 consulum,
1803 3133 2048 3251 opidanorum

421 3265 458 3338 et
477 3251 725 3343 universitatis
745 3249 794 3337 ad
816 3251 1021 3370 predictam
1043 3254 1173 3342 sedem
1194 3253 1430 3372 appellatum.
1463 3253 1595 3340 Dictus
1624 3266 1714 3340 tunc
1739 3250 1912 3341 domiuus
1942 3252 2048 3341 lllar·

421 3369 520 3458 tinus
541 3399 642 3488 papa
664 3370 812 3490 quintus
828 3401 983 3460 oausam
1004 3372 1274 3492 appellacionis
1296 3370 1507 3461 huiusmodi
1529 3369 1806 3460 venerabilibus
1832 3385 1870 3458 et
1889 3371 2049 3458 circum·

420 3489 560 3606 spectis
590 3488 678 3578 viris
707 3488 868 3578 dominis
896 3490 1059 3580 dohanni
1089 3491 1137 3578 de
1160 3497 1365 3603 Ytomarrjs
1386 3489 1435 3578 de
1456 3497 1632 3577 Bononio
1653 3488 1889 3578 decretorum
1917 3487 2049 3607 primo,

420 3619 458 3690 et
477 3604 614 3693 deinde
635 3637 681 3694 ex
697 3608 810 3698 certis
831 3611 959 3700 causis
978 3611 1141 3698 lohanni
1161 3609 1211 3697 de
1233 3617 1419 3715 Potomcr,
1441 3610 1635 3727 utriusque
1647 3608 1744 3726 juris
1765 3607 1984 3697 doctoribus
2014 3621 2051 3694 et

384 3721 587 3820 ,eiusdem
608 3723 755 3840 pallaci'
776 3757 977 3819 causarum
998 3730 1196 3846 apostolici
1224 3728 1458 3817 auditoribus
1489 3725 1714 3814 audiendam
1747 3728 1951 3832 commisit,
1982 3755 2050 3814 oo·

420 3841 699 3961 gnoscendam,
732 3761 979 3933 decidendam
1017 3861 1054 3933 et
1074 3846 1146 3933 bne
1167 3845 1295 3934 debito
1326 3843 1597 3933 terminandam
1619 3873 1703 3932 cum
1724 3846 1898 3934 omnibus
1918 3859 1955 3930 et
1968 3845 2046 3930 sin·

420 3960 520 4165 pulis
556 3961 636 4048 suis
673 3964 946 4083 emergencijs,
978 3957 1213 4083 incidencijs‘,
1255 3962 1526 4082 dependeneijs
1568 3979 1605 4051 et
1634 3963 1823 4052 connexis.
1885 3961 2050 4080 lpseque
2161 4005 2170 4022 ·

446 4078 593 4168 ominus
625 4078 823 4182 Jobannes
851 4080 899 4170 de
925 4087 1102 4171 Potomcr
1131 4079 1279 4170 auditor
1299 4084 1368 4170 rite
1389 4079 1623 4200 procedens,
1655 4081 1818 4200 cognitis
1837 4076 2049 4169 huiusmodi

420 4223 537 4286 cause
561 4198 714 4304 meritis,
741 4201 902 4294 servatis
931 4201 1141 4308 servandis,
1158 4202 1393 4292 sentenciam
1416 4199 1623 4317 inscriptis
1644 4199 1722 4288 tulit
1742 4215 1780 4287 et
1798 4197 2047 4320 promulgavit

419 4315 454 4401 iu
475 4315 577 4404 huno
596 4315 768 4405 modum:
2025 4387 2027 4390 -

520 4432 582 4522 llo
609 4432 846 4547 dominorum
876 4437 1135 4528 coauditorum
1163 4452 1376 4527 nostrorum
1398 4435 1557 4528 consilio
1582 4441 1625 4526 ¹et
1649 4460 1813 4538 assensu
1850 4465 1918 4554 per
1935 4432 2049 4521 'banc

419 4562 588 4639 nostram
616 4556 863 4660 sentenciam,
890 4587 1002 4676 quam
1032 4587 1101 4675 pro
1128 4555 1299 4644 tribunali
1327 4556 1505 4647 sedentes
1533 4550 1751 4645 lerimus'iu
1784 4556 1855 4672 bijs
1875 4552 2053 4668 scriptis,-

415 4671 727 4787 pronunciamus,
756 4672 995 4765 deceruimus
1024 4691 1062 4764 et
1088 4673 1341 4781 declaramus,
1362 4673 1431 4794 per
1451 4673 1702 4764 venerabilem
1727 4675 1923 4762 dommum
1944 4669 2045 4759 bau·

420 4787 587 4876 rencium
609 4784 657 4874 de
673 4789 813 4880 Arecio
830 4793 1096 4884 Coauditorem
1113 4808 1284 4884 nostrum
1295 4795 1332 4884 in
1348 4822 1466 4884 causa
1482 4791 1705 4901 huiusmodi,
1719 4789 1795 4912 'pre
1812 4787 2048 4880 tunc'ooram
