4876 5940
1162 691 1433 832 ‘'m-

486 897 662 986 clericum
682 893 869 1002 eiusdem,
900 894 1006 1014 equis
1035 909 1073 983 et
1106 893 1221 994 rebus
1253 893 1335 981 eliis
1362 891 1545 980 violenter
1564 893 1852 1012 presumpcione
1878 891 2104 1012 dampnabili

486 1015 709 1136 spoliarunt:
732 1044 850 1134 quere
869 1043 1047 1104 asserens
1068 1012 1142 1103 hoc
1162 1017 1249 1104 dsse
1270 1011 1466 1114 notorium,
1487 1011 1639 1130 petebat
1658 1007 1706 1100 de
1726 1013 1817 1131 ipsis
1838 1011 1908 1102 sibi
1924 1013 2104 1104 iusticiam

486 1135 651 1222 exhiberi
671 1148 708 1222 et
726 1131 844 1221 reddi.
908 1131 1003 1220 Cum
1023 1133 1134 1252 igitur
1154 1148 1284 1220 tenore
1305 1132 1491 1218 literarum
1513 1132 1813 1250 apostolicarum,
1834 1163 1903 1250 per
1924 1162 2020 1252 quas
2036 1164 2105 1223 no·

485 1255 543 1342 bis
562 1255 598 1340 in
619 1251 914 1372 dicto-negocio,
931 1268 968 1340 et
984 1253 1064 1340 eliis
1079 1251 1250 1372 negociis
1272 1251 1388 1368 ipsius
1409 1249 1547 1337 dornini
1568 1251 1747 1370 episcopi,
1769 1264 1939 1368 potestes
1961 1267 1998 1355 et
2018 1282 2106 1342 euc

484 1373 614 1461 toritas
635 1373 932 1476 succurrisse,
953 1371 1034 1458 eliis
1055 1369 1318 1459 executoribus
1350 1371 1385 1458 in
1406 1369 1583 1458 mendeto
1605 1371 1660 1474 eis
1680 1371 1779 1458 lecto
1799 1369 1849 1456 ed
1886 1371 2109 1462 citeriorem

484 1489 726 1598 leoiendern„
742 1503 778 1578 el
798 1487 848 1578 ad
869 1489 963 1580 elios
985 1487 1190 1612 processus
1212 1491 1265 1578 eis
1286 1489 1427 1590 leetoS,
1457 1487 1516 1576 uel
1543 1505 1673 1578 contre
1697 1519 1764 1578 eos
1784 1485 1998 1594 iaciendos,
2020 1522 2106 1608 pre-

485 1609 594 1698 dictis
614 1609 880 1697 comendetori'
900 1623 936 1697 et
958 1609 1141 1697 'iratribus
1170 1607 1219 1695 de
1239 1613 1427 1694 Lobr'srow
1449 1605 1497 1693 de
1518 1607 1637 1696 verbo
1658 1605 1707 1696 ed
1729 1605 1883 1696 verburn
1910 1609 2107 1696 inserueri-

486 1759 588 1834 rnus,
619 1744 658 1816 ut
678 1744 734 1818 est
755 1727 912 1832 dicturo,
943 1742 981 1816 et
1001 1757 1158 1848 querum
1179 1727 1366 1818 literarum
1387 1727 1679 1844 apostolicarum
1701 1729 1756 1816 eis
1776 1728 1924 1844 copieru
1950 1727 2107 1818 urende·

485 1849 605 1941 uiruus
625 1847 764 1938 exiberi
784 1847 878 1958 (sio).
933 1847 1101 1966 ‚Propter
1122 1846 1225 1968 quod
1247 1860 1375 1940 vestre
1401 1845 1623 1938 discrecioni
1652 1847 1873 1939 auctoritate
1897 1847 2114 1966 apostolice

486 1967 558 2056 sub
579 1967 944 2056 excomunioecionis
971 1997 1084 2083 pene,
1117 1995 1228 2085 quarn
1259 1967 1295 2052 in
1324 1995 1396 2054 vos
1427 1994 1474 2066 cx
1496 1995 1594 2056 nunc
1614 1968 1837 2056 auctoritate
1859 1965 2028 2082 predicte
2053 1968 2109 2056 le·
2216 1968 2220 1976 ’

486 2087 600 2176 riorus
630 2087 666 2174 in
696 2086 767 2202 hijs
796 2085 961 2202 scriptiS,
1001 2087 1033 2172 si
1054 2099 1185 2174 nostro
1215 2084 1378 2202 presenti
1407 2083 1595 2190 mandato,
1626 2115 1714 2201 ymo
1736 2085 1862 2174 verius
1885 2085 2108 2202 apostolico,

341 2260 343 2266 ·
486 2233 562 2292 non
582 2205 802 2292 cureueritis
824 2201 995 2301 obedire,
1018 2204 1189 2322 quatinus
1210 2201 1437 2292 accedentes
1454 2203 1701 2320 personaliter
1715 2203 1765 2294 ed
1780 2204 1901 2294 dictos
1917 2234 2108 2294 commen·
2170 2309 2174 2332 Ι

488 2321 658 2413 dutoreun
687 2338 725 2412 et
750 2323 886 2410 lralres
915 2321 964 2410 dc
990 2329 1191 2428 Lubbrow,
1220 2324 1325 2439 ipsos
1346 2319 1396 2408 ed
1426 2338 1591 2410 uostrenr
1623 2325 1741 2412 citetis
1770 2324 2026 2444 presenciam,
2057 2323 2111 2413 eis

488 2447 615 2554 qorirtc
631 2448 731 2554 ferio
745 2449 926 2554 proerioo
940 2443 1111 2554 sequente
1126 2449 1354 2536 dominicum,
1371 2472 1446 2551 quo
1467 2460 1640 2530 cantatur
1654 2451 1781 2548 letare,
1801 2450 1840 2528 in
1853 2448 2037 2533 Brzercra
2053 2441 2109 2555 (³),
2233 2469 2235 2472 ’

487 2589 617 2650 coreo]
646 2560 753 2650 nobis
779 2562 973 2650 terminum
1003 2562 1289 2678 peremptorium
1320 2576 1474 2679 propter
1495 2591 1599 2650 rnora
1620 2563 1701 2675 (sic)
1725 2577 1761 2650 et
1781 2562 1985 2680 enituerunt
2012 2565 2110 2679 peri-

484 2680 609 2778 ,culum
639 2678 895 2798 essignendo,
927 2695 967 2768 ut
996 2694 1085 2768 lunc
1111 2698 1333 2797 appareant,
1364 2681 1497 2770 lecturi
1525 2696 1562 2768 et
1589 2679 1750 2771 audituri
1779 2684 1815 2770 iu
1848 2681 1946 2770 dioto
1974 2709 2111 2784 ceusu,

487 2797 589 2917 quod
607 2801 754 2890 iusticie
776 2813 812 2884 et
827 2799 922 2916 juris
941 2801 1046 2888 reoio
1068 2799 1232 2915 postulet
1251 2815 1288 2888 et
1308 2799 1474 2920 requirit.
1537 2797 1726 2917 Alioquin,
1758 2829 1886 2890 eorum
1916 2816 2112 2890 coutume-

487 2919 546 3008 cie
586 2919 872 3024 nonobstante,
904 2947 974 3008 nus
995 2916 1245 3036 procedemus
1267 2920 1302 3008 in
1324 2918 1457 3008 eodern
1480 2920 1660 3038 negocio,
1691 2935 1868 3038 quantuor
1890 2917 1938 3008 de
1953 2917 2039 3035 jure
2054 2920 2123 3008 lu·‘

488 3037 557 3128 erit
592 3035 885 3153 procedendum.
946 3037 1083 3126 Deturn
1118 3039 1154 3124 iu
1190 3043 1390 3141 Brzescze,
1422 3053 1568 3154 quertu·
1602 3037 1796 3130 Kalendas
1833 3039 1972 3156 lllertij,
2012 3067 2114 3128 anuo

489 3153 625 3244 donini
658 3155 715 3244 lll⁰
745 3155 861 3244 CCC⁰
887 3156 1065 3246 vicesimo
1086 3157 1215 3275 priruo.
1246 3156 1428 3246 Reddo
1464 3155 1606 3248 lite'rern
1627 3159 1841 3278 insignum
1863 3160 2113 3266 exeouoiouis,

489 3279 625 3366 restris
647 3273 779 3395 sigillis
798 3275 988 3394 appensis.
1107 3339 1111 3348 -
1465 3297 1467 3308 ·

591 3593 629 3678 (³)
651 3595 748 3660 Voces
763 3593 855 3661 lituris
870 3596 910 3661 sic
925 3594 1010 3662 dictis
1024 3597 1146 3662 cursivis
1172 3605 1312 3664 exaratae
1335 3599 1363 3662 in
1395 3597 1555 3686 archetypo
1569 3599 1684 3666 deletee
1700 3607 1770 3666 sunt
1784 3599 1868 3666 tenui
1885 3597 2002 3678 lineola,
2020 3607 2050 3666 et
2066 3621 2112 3666 su·

491 3699 545 3766 por
560 3699 611 3746 ees
625 3677 698 3746 bueo
713 3679 819 3767 scripte
835 3679 990 3767 leguntur:
1005 3686 1060 3760 „r'rr
1076 3683 1210 3750 coreno
1226 3683 1304 3750 lecti
1316 3681 1475 3749 Dominr'cr'
1487 3683 1712 3772 consecrorr'rr‘n
1727 3684 1914 3751 Pornoor'o.''
