4896 5926
337 945 578 1053 censoribus,
607 947 769 1068 singulis
788 949 898 1038 annis
928 948 1086 1038 ioleslo
1103 947 1202 1038 beoli
1231 949 1400 1056 Martini,-
1433 948 1654 1066 persolueol
1673 979 1783 1040 unani
1805 981 1973 1044 marcum

336 1066 661 1272 majusculis,
684 1067 947 1187 duosporcos
967 1095 1036 1184 per
1054 1095 1192 1156 nonum
1212 1097 1365 1187 semper
1383 1081 1554 1186 pusceol
1575 1083 1614 1160 cl
1632 1082 1973 1188 quantumcumque

416 1186 424 1204 “
477 1199 515 1272 ol
534 1187 637 1274 curie
663 1203 793 1274 nostre
813 1211 975 1274 neoesse
995 1186 1122 1290 luerit,
1151 1215 1201 1274 eo
1220 1186 1301 1275 iure
1321 1197 1359 1276 el
1377 1185 1512 1292 modo,
1543 1215 1621 1306 quo,
1649 1191 1688 1276 in
1716 1187 1801 1306 alijs
1831 1191 1973 1282 uostris

337 1303 486 1390 molitur
515 1303 761 1412 molendinis,
791 1303 901 1392 nobis
922 1301 1064 1392 molere
1082 1303 1317 1394 oudonem.
1366 1303 1529 1424 Insuper
1548 1307 1649 1396 iusla
1668 1305 1826 1398 lumnam
1857 1308 1972 1425 priui·
2087 1309 2093 1324 '

336 1417 426 1538 legij
459 1419 509 1508 de
540 1423 831 1510 oooslruccionc
867 1419 1037 1510 eiusdem
1073 1421 1292 1526 molendini,
1331 1424 1428 1512 inler
1456 1438 1623 1512 nosuum
1655 1424 1971 1542 predecessorem

214 1601 221 1612 .
336 1535 525 1626 dominum
557 1537 788 1658 Episcopum
821 1538 1060 1626 Wolimirum
1079 1555 1118 1628 cl
1136 1541 1267 1630 mililes
1288 1541 1450 1630 heredes
1470 1540 1519 1629 de
1543 1547 1682 1656 dllolyn
1703 1540 1774 1656 (³),
1806 1543 1907 1630 lriuili
1933 1560 1971 1632 el
2052 1615 2060 1622 .

243 1667 256 1692 ⁸
336 1657 507 1748 coolecli:
528 1658 671 1747 eisdem
692 1657 865 1746 militibus
885 1656 1088 1747 heredibus
1104 1657 1158 1747 'de
1180 1663 1328 1774 Clolyn,
1350 1657 1436 1748 Lx·
1453 1661 1602 1749 modios
1623 1689 1774 1752 annone
1794 1662 1970 1750 uniuerse

336 1778 525 1864 monerio
552 1777 693 1866 molere
719 1776 954 1865 tenebuntur.
1005 1773 1188 1866 Prelerca
1216 1777 1400 1895 sepedicti
1418 1777 1699 1896 molendinarii,
1729 1781 1762 1868 si
1783 1808 1882 1897 quos
1902 1779 1968 1868 ho

174 1943 181 1958 ·
336 1893 455 1982 mines
475 1912 548 2014 p'ro
568 1925 612 1983 se
632 1895 761 1984 locare
780 1909 982 2012 potuerunt
1001 1894 1105 2008 (sic),
1137 1895 1256 1984 rebus
1274 1899 1434 2014 propriis
1455 1913 1494 1986 cl
1512 1898 1689 2016 expensis
1709 1899 1813 1986 circo
1832 1927 1970 2014 supro·

335 2007 473 2100 diolum
494 2013 746 2104 molendinum
766 2013 962 2117 lucebunt,
993 2011 1043 2102 dc
1062 2027 1195 2103 nostru
1215 2013 1371 2104 licencia
1391 2033 1428 2104 el
1446 2017 1598 2122 leuore3
1625 2017 1714 2104 elsi
1735 2015 1970 2134 sepedictum

334 2129 608 2238 molendinum,
638 2131 740 2250 quod
766 2131 881 2239 ebsil,
912 2133 1039 2252 aliquo
1069 2161 1164 2222 casu
1195 2131 1425 2240 deslruelur,
1457 2135 1651 2224 memorali
1681 2133 1970 2246 H.(enricus)·et

333 2244 562 2363 fidentinus)
583 2250 839 2369 molendinarij
861 2250 912 2336 de
931 2252 1093 2369 propriis
1118 2251 1345 2368 reparabunt
1378 2253 1587 2370 sumplibus
1615 2266 1654 2342 el
1674 2252 1866 2370 expensis:
1896 2251 1970 2340 nisi

333 2366 366 2454 si
396 2395 466 2485 per
495 2371 685 2487 gentilium
715 2370 890 2457 incursus
920 2369 1028 2456 lueril
1058 2367 1309 2474 destructum,
1344 2369 1394 2458 ed
1429 2375 1510 2460 cius
1540 2372 1825 2490 reparucioucnr
1861 2371 1968 2488 ipsos

333 2483 507 2576 volumus
526 2485 718 2574 adiuuare.
768 2483 818 2574 El
846 2487 884 2574 in
903 2485 1013 2574 huius
1034 2487 1089 2573 rei
1109 2489 1378 2592 testimonium,
1409 2519 1568 2606 presens
1589 2489 1769 2607 scriplum
1789 2488 1909 2580 nostri
1929 2503 1969 2576 el
2040 2517 2043 2527 ·

331 2601 482 2720 oepiluli
511 2605 629 2692 noslri
656 2602 862 2715 sigillorum
892 2605 1091 2690 monimine
1121 2607 1277 2692 lecimus
1309 2605 1492 2694 roborari.
1542 2605 1679 2694 Acium
1709 2622 1748 2696 el
1775 2605 1968 2696 delumiu

333 2727 489 2833 mooun
511 2725 773 2824 Wlodr'rlonrir,
805 2723 841 2810 io
869 2717 931 2808 die
953 2721 1053 2811 beuti
1084 2721 1229 2812 Urbani
1258 2721 1457 2840 Martyris,
1487 2751 1589 2814 enno
1610 2723 1750 2814 domini
1769 2723 1828 2814 Μο
1848 2723 1896 2812 C·
1917 2723 1967 2810 C⁰
2018 2837 2027 2846 .
2153 2759 2160 2770 ·

332 2841 606 2961 octuagesimo.

433 3108 471 3196 (³)
500 3043 609 3176 Procul
622 3109 714 3178 dubio
727 3107 777 3178 hio
789 3109 965 3196 iutelligilur
978 3107 1046 3178 rillu
1063 3106 1178 3178 Clolno
1192 3107 1511 3196 nogrometensem,
1531 3107 1695 3176 decanatus
1708 3077 1933 3178 Lubolinnncin

1067 3477 1225 3606 0le.

498 3766 794 3878 somnone,
821 3701 978 3910 anno
1004 3765 1160 3856 reso
1187 3766 1281 3854 uro
1306 3768 1383 3856 es
1408 3765 1610 3854 menso
1634 3765 1790 3872 ornos.

326 3985 595 4082 tuluppe·
607 3987 763 4063 nmmm
776 3987 957 4083 lplroopur,
976 3987 1138 4082 privilegio
1153 3987 1306 4062 nondun
1320 3987 1574 4062 vlnddndousi
1587 4004 1608 4058 a
1621 3987 1758 4059 lencona
1772 3983 1857 4055 auec
1871 3983 1960 4075 sm·

388 4089 460 4166 dno
474 4107 554 4166 cmo
568 4090 656 4179 7777,
677 4094 713 4165 ot
726 4093 924 4183 oleorum
937 4089 1234 4166 montenonis·
1248 4109 1277 4166 n
1292 4091 1364 4166 7777
1378 4107 1549 4177 moeror,
1569 4091 1641 4162 rulo
1655 4083 1855 4178 cmojnbol(
1866 4084 1895 4168 ¹).

382 4337 387 4348 '
426 4329 643 4420 Venerabili
663 4331 699 4420 io
719 4331 872 4420 Christo
892 4331 989 4448 palri
1009 4395 1019 4417 .
1040 4299 1082 4418 .⁰.
1105 4331 1183 4428 (sic)
1211 4330 1272 4418 dei
1293 4331 1426 4452 grecia
1445 4327 1639 4447 Episcopo
1661 4302 1959 4416 Wlalisleuiensi

326 4449 428 4563 (sic),
457 4448 654 4569 Philippus
684 4450 923 4538 miseralione
953 4447 1078 4536 diuina
1108 4447 1308 4540 Firmanus
1340 4449 1573 4568 Episcopus,
1604 4447 1825 4566 apostolice
1855 4445 1958 4536 sedis

425 4721 465 4807 (¹)
492 4719 540 4786 Ex
561 4717 723 4806 mchoqpo
743 4716 973 4784 membranaoeo
991 4715 1128 4783 tabularii
1150 4713 1274 4800 capituli
1287 4711 1556 4781 wladislaviensis.
1591 4709 1728 4798 Sigillum
1752 4708 1875 4776 exhibet
1895 4707 1957 4792 epi·

128 4889 137 4894 -
323 4802 860 4978 ιωρωηέωϋδωριξοτᾲρμῶω
881 4801 1036 4882 indorum,
1065 4823 1101 4870 ex
1123 4800 1272 4886 inscriptis
1294 4799 1394 4868 uerbis
1415 4798 1489 4866 hoec
1509 4797 1668 4890 leguntur:
1690 4820 1736 4876 „a
1744 4793 1891 4882 phylippi
1909 4792 1958 4858 dni
2051 4814 2053 4822 ’
2103 4873 2113 4889 .

320 4909 390 4974 pro
404 4910 749 4956 ........
