4876 5940
996 701 1352 826 --err--¹

947 1091 948 1094 ‘
1014 1049 1282 1166 cotilla-
1682 1209 1686 1230 ο

332 1263 347 1274 “’
402 1377 404 1381 ,
514 1263 827 1384 'Brerttura
853 1305 1008 1374 ummo
1032 1285 1180 1378 1329
1207 1289 1300 1374 dte
1324 1285 1363 1372 8
1388 1307 1529 1410 rpem.
1553 1289 1716 1394 ,Muta
1868 1351 1872 1358 .

323 1485 543 1566 macrum
558 1493 729 1582 cneum
742 1485 1175 1566 maritimomaritino
1196 1489 1317 1564 cmm
1335 1441 1493 1567 reatino
1509 1493 1650 1574 nuum,
1665 1513 1699 1568 a
1720 1493 1793 1568 rrrn
1806 1497 1933 1571 niue

332 1625 334 1636 ·
386 1593 501 1670 ‘metir
514 1609 618 1684 poena
632 1593 845 1680 ndmtnrurn,
866 1591 926 1682 nist
941 1589 1054 1666 ctum
1068 1591 1210 1667 metentis
1225 1591 1292 1666 eutr
1305 1591 1397 1667 tttrte
1420 1593 1561 1667 resarciri
1586 1595 1783 1669 curuntmmt
1802 1597 1852 1684 (¹).

423 1801 604 1907 Mathias,
634 1803 773 1890 diuina·
788 1818 826 1889 et
866 1801 1076 1918 apostolice¹
1116 1799 1235 1889 sedis'
1261 1801 1519 1920 prouidencia,
1561 1806 1763 1921 episcopus
1800 1805 1932 1892 wladi-

324 1922 521 2010 slauiensis
547 1922 728 2027 ecclesie,
758 1921 931 2009 discretis
960 1921 1078 2011 viris.
1105 1989 1113 2007 .
1136 1921 1219 2032 (sio)
1247 1921 1392 2008 decano
1418 1935 1456 2009 'et
1477 1921 1752 2041 ebdomadarijs
1773 1925 1943 2012 ecclesie·

324 2055 453 2130 nostre
481 2040 737 2128 conuenluclls
766 2046 1042 2144 musutc'cnsr's,
1081 2042 1129 2152 in„
1145 2046 1275 2145 Breat,
1307 2041 1342 2126 in
1373 2047 1556 2144 Ilcczerte,
1586 2041 1622 2126 in
1641 2047 1777 2129 duceni
1801 2049 1933 2131 chdr'·
2034 2067 2036 2072 ’
2181 2089 2186 2100 ·

322 2165 462 2264 etauio,
481 2161 528 2246 in
548 2166 733 2264 Nesomc,
764 2187 812 2246 ac
833 2161 1015 2247 uniuersis
1036 2173 1072 2246 et
1091 2158 1249 2278 singulis
1269 2157 1350 2276 alijs
1371 2158 1614 2248 ecclesiarum
1635 2161 1843 2249 rectoribus
1863 2189 1932 2250 no-

323 2291 401 2366 stre
419 2277 606 2394 dyocesis,
627 2292 665 2364 et
682 2307 812 2366 eorum
833 2279 981 2394 vicarijs
1002 2277 1178 2383 residuis,
1209 2278 1244 2362 in
1265 2279 1372 2365 terris
1393 2278 1575 2396 Cnyauie,
1607 2277 1852 2394 Pomoranie,
1883 2281 1940 2368 ad

324 2425 420 2516 quus
453 2411 647 2514 presentes
732 2399 917 2503 ruenerint
945 2395 1004 2482 uel
1029 2397 1190 2512 poten'nt
1217 2399 1424 2512 peruenire,
1445 2399 1600 2484 salutem
1631 2399 1666 2486 in
1696 2424 1759 2505 eo,
1792 2401 1854 2517 qui
1874 2413 1933 2487 est

324 2516 485 2603 omniurn
512 2543 602 2601 vera
632 2543 676 2601 sa
716 2547 746 2601 s.
811 2514 911 2601 Cura
938 2515 1138 2630 pastoralis
1159 2513 1268 2628 olficij
1290 2514 1552 2606 vehemencius
1578 2545 1648 2601 nus
1669 2531 1841 2635 urgente,
1872 2547 1934 2606 ec-

324 2633 522 2721 clesiarum
552 2632 661 2720 nobis
695 2635 944 2721 subiectarum
982 2634 1152 2752 cogimur
1186 2634 1382 2720 attencius
1404 2633 1595 2752 inuigilare
1629 2635 1912 2724 necessitatibus
1922 2685 1951 2748 ,g

324 2741 451 2840 aarum
470 2779 675 2870 procurare
695 2749 856 2838 comoda
872 2752 1087 2870 etpericulis
1104 2751 1280 2869 ipsarum,
1297 2763 1471 2870 quantum
1488 2765 1547 2838 est
1561 2751 1748 2867 possibile,
1766 2753 1930 2842 obuiare.

324 2869 428 2958 Sane
453 2870 734 2960 considerantes
764 2884 803 2957 et
831 2869 1051 2957 lamentabili
1076 2861 1204 2957 cordis
1233 2867 1475 2961 amaritudine
1501 2869 1670 2956 crebrius
1701 2869 1931 2980 meditantes,

325 2990 539 3106 qualiter..
562 2989 646 3102 (sic)
675 2991 856 3109 magister
882 2990 1073 3109 generalis
1101 3004 1199 3076 et..
1228 2987 1310 3100 (sic)
1329 2987 1575 3194 praelucidis
1605 3003 1702 3076 terre
1732 2997 1930 3094 cotmemis,
2045 3075 2056 3099 ,

325 3137 373 3195 ac
398 3108 721 3197 commendatores
753 3109 802 3196 de
832 3115 1015 3213 Neronia,
1047 3107 1094 3195 de
1128 3113 1297 3213 llorun,
1355 3137 1378 3194 e
1411 3106 1628 3202 dorcade
1666 3111 1933 3222 Coprzeicm'co

326 3228 405 3316 siue
425 3227 473 3316 dc
492 3234 758 3343 quelsborclt,
789 3225 838 3314 de
867 3233 1027 3328 uotae,
1059 3241 1096 3313 et
1123 3226 1171 3314 de
1199 3231 1352 3314 Sweczo
1371 3221 1443 3339 (²),
1474 3257 1521 3313 ac
1541 3227 1653 3314 ceteri
1677 3227 1810 3314 fratres
1831 3227 1930 3317 ordl-

326 3347 383 3436 nis
411 3345 605 3466 hospitalis
633 3360 763 3436 sancte
795 3345 916 3433 Maria
944 3345 1243 3460 ierosolimitana
1269 3344 1457 3433 dedomo
1485 3344 1725 3450 Theutonicu,
1747 3361 1931 3436 eteorum

210 3477 214 3484 '
327 3465 504 3554 Satellites
532 3482 568 3554 et
595 3463 766 3572 ministri,
796 3494 896 3554 anno
925 3495 1043 3582 nuper
1075 3466 1268 3584 preterito,
1304 3493 1395 3570 nos,
1430 3463 1629 3552 ecclesiam
1658 3477 1841 3573 nostram,
1884 3495 1932 3554 ac

326 3583 421 3672 alias
440 3584 621 3673 ecclesias
637 3583 813 3702 dyocesis
834 3600 962 3672 nostre
982 3597 1020 3698 et
1039 3584 1179 3671 clemm
1199 3584 1421 3691 uniuersum,
1435 3597 1471 3672 et
1491 3583 1596 3670 malis
1616 3582 1798 3700 preteritis
1813 3585 1936 3702 eciam·

326 3701 402 3790 lroc
418 3711 519 3810 anno
539 3703 725 3792 deteriora
746 3703 944 3791 crudeliter
963 3704 1204 3809 cumulantes,
1224 3704 1449 3821 grauissime
1468 3703 1629 3806 leserint,
1644 3701 1750 3790 villas
1771 3704 1931 3793 ecclesie

326 3837 457 3911 nostre
474 3824 603 3942 predis
622 3821 849 3930 animalium,
880 3851 927 3910 ac
946 3821 1100 3911 aliarum
1120 3823 1280 3910 omnium
1301 3853 1446 3928 rerum,
1477 3821 1585 3909 nullis
1612 3823 1750 3912 nostris
1780 3825 1931 3942 erigen-

328 3942 425 4031 tibus
445 3943 574 4061 culpis,
595 3941 774 4032 hostiliter
794 3941 1011 4062 spoliarunt,
1042 3957 1079 4029 et
1099 3940 1201 4062 quod
1221 3943 1378 4061 nequius
1399 3953 1476 4048 est,
1508 3940 1652 4028 edificia
1682 3942 1804 4027 omnia
1826 3940 1931 4029 villa·

326 4088 407 4176 rum
438 4061 621 4176 ipsarum,
658 4061 884 4180 opidumque
912 4075 1079 4149 nostrum
1108 4076 1145 4148 et
1172 4060 1332 4148 ecclesie
1362 4075 1489 4148 nostre
1508 4065 1697 4146 Romaene
1716 4059 1814 4170 (sic),
1845 4089 1930 4146 cum
1983 4077 1991 4086 '

327 4180 497 4268 omnibus
516 4179 986 4296 predijsadiacentibusac
997 4177 1181 4296 quasdam
1196 4179 1378 4267 ecclesias
1392 4176 1646 4295 parrochiales
1662 4194 1928 4276 cremauerunt,

358 4475 362 4484 ¹
427 4398 467 4483 (¹)
486 4397 533 4466 Ex
548 4395 706 4482 melampo
720 4395 949 4472 membranaceo
964 4395 1101 4462 tabularii
1114 4393 1235 4480 capituli
1249 4395 1514 4468 Vdadinlauiensis.
1533 4395 1646 4462 Noram
1660 4400 1747 4460 eram
1759 4393 1828 4462 huic
1842 4397 1930 4465 ubre

327 4483 374 4550 las
387 4481 523 4551 taeniolis
547 4481 734 4568 pergamenis
758 4489 890 4568 appensa
915 4480 939 4544 s'
962 4479 1018 4560 lla,
1039 4499 1166 4578 quorum
1187 4481 1365 4568 sexreliqua
1387 4487 1457 4546 sunt
1475 4477 1602 4576 rotunda
1627 4477 1750 4545 minoris
1771 4477 1928 4576 formae-et

327 4589 423 4636 unum
436 4591 474 4635 ex
487 4567 576 4654 longo
589 4565 760 4665 rotundum,
779 4565 881 4631 omniu
894 4583 945 4664 ecc
954 4566 1089 4666 palustrae
1102 4585 1170 4667 cum
1185 4565 1428 4666 iusmipponihus
1438 4583 1598 4664 marimum
1613 4571 1727 4652 partem
1743 4564 1854 4632 deletis.
1906 4652 1914 4666 ο

379 4650 1600 4822 ··lliiddt2⁰ttltalattutltttdutatetltltdttt
1628 4646 1931 4813 Gilllildll‘

298 4747 919 4994 δξὶἓὲιάἰᾶἰοιξεἸὴιοιεείιίοξξξ,ξῖἀτιιζιὶεὲιὲνφ
944 4757 1346 4976 (lipprzpvmipplsoppidum
1367 4784 1506 4889 territorii
1531 4819 1562 4886 lt
1595 4756 1613 4833 p
1659 4821 1774 4899 nensis,
1796 4819 1927 4906 regionis

393 4927 473 4976 uan
496 4926 596 4975 neuen
704 4927 729 4974 n
794 4955 802 4972 .
890 4929 972 4986 ecee,
1026 4927 1075 4977 am
1089 4927 1131 4994 qu
1207 4927 1320 4975 wracre.
1502 4927 1504 4932 ·
1926 4937 1930 4950 ··

443 5027 534 5082 tunm
543 5029 576 5082 11.
1241 5025 1266 5066 ‘·
1747 5025 1758 5080 Ι
1863 5075 1868 5090 ,
