4896 5926
1161 757 1412 830 ..92-

480 1033 488 1059 ,
573 957 625 1046 Ut
652 971 776 1062 autem
808 957 1031 1047 donationes
1060 959 1233 1076 superius
1262 971 1463 1044 annotatae
1493 970 1733 1074 perpetrem
1765 969 1935 1042 nostrum
1966 970 2001 1042 et
2030 987 2101 1044 nos

470 1079 593 1166 iactae
622 1093 659 1164 ct
679 1107 892 1165 concessae
920 1077 1196 1194 inperpetuum
1222 1075 1276 1162 M.
1297 1091 1333 1164 et
1354 1073 1418 1161 W.
1447 1089 1634 1163 eteorum
1661 1071 1842 1193 posteris,
1868 1073 1984 1161 robur
2005 1075 2100 1162 obti-

468 1211 581 1284 neant
608 1193 809 1300 firmitatiS,
845 1225 913 1283 eas
942 1195 1082 1283 nostris
1102 1195 1265 1314 'scriptis
1296 1195 1519 1282 innouamus
1552 1209 1599 1280 et
1617 1193 1736 1280 nostri
1765 1190 1876 1310 sigilli
1905 1207 2101 1280 caractere

362 1383 370 1399 .
467 1312 704 1402 roboramus.
754 1311 893 1400 Datum
914 1313 951 1400 in
971 1317 1130 1414 Sirodz,
1160 1313 1197 1400 in
1218 1311 1279 1400 die
1299 1311 1495 1404 beatorum
1522 1311 1687 1400 Simonis
1708 1325 1745 1398 et
1763 1309 1931 1398 Judaea
1960 1311 2100 1398 ostolo·

467 1437 560 1517 ruin.
595 1429 866 1518 Praesentibus
886 1429 955 1518 biis
976 1431 1149 1519 testibus:
1183 1431 1343 1518 Cornitte
1364 1429 1446 1543 (sic)
1466 1429 1628 1517 Mistisio
1649 1428 1912 1546 subpincerna,
1933 1339 2099 1516 il'ilelmo

466 1545 657 1638 aduocato
679 1547 975 1655 Siradiensibus,
1007 1549 1153 1636 Gemite
1174 1546 1375 1636 Bernardo
1396 1548 1647 1652 thesaurario,
1676 1547 1826 1636 Joanne
1847 1546 2004 1656 clerico,
2030 1575 2099 1664 per

467 1697 578 1784 quem
600 1682 660 1756 est
678 1666 753 1756 hoc
773 1666 1006 1786 priuilegium
1027 1667 1255 1756 innouatum.

1216 2065 1349 2183 Cllll.

520 2335 867 2433 commotae,
894 2355 1050 2422 uerno
1076 2333 1214 2420 1222
1239 2335 1403 2444 intro
1429 2341 1660 2423 nemum
1687 2337 1948 2424 Paschae
1973 2345 2051 2436 (¹).

460 2538 679 2612 mtrem
700 2537 875 2632 tpucenm
895 2537 1167 2614 utrumnum
1188 2539 1375 2634 quorsom
1398 2539 1588 2614 tttmouibur
1609 2537 1819 2614 molendinum
1838 2541 1871 2614 tn
1891 2539 1966 2615 rtttr
1987 2531 2095 2610 Leuat

403 2671 409 2678 ·
754 2639 1165 2736 renuntiationem
1187 2640 1418 2716 conditionibus
1440 2639 1612 2734 oppositis,
1635 2639 1733 2714 donat
1748 2643 1799 2730 (²).

562 2847 605 2935 ln
626 2847 775 2937 nomine
802 2847 958 2954 domini,
987 2879 1098 2936 amen
1148 2845 1331 2934 Nouerint
1355 2847 1520 2938 v'niuersi
1549 2859 1746 2968 presentes
1774 2861 1811 2936 et
1829 2847 1958 2934 luturi:
1990 2845 2093 2968 quod

460 2995 534 3054 nos
553 2964 718 3056 Alberus
739 2963 864 3054 diuina
885 2967 1135 3054 miseracione
1165 2964 1339 3052 Ecclesia
1366 2964 1710 3056 Wladislawiensis
1742 2965 1976 3084 EpiscopuS,
2007 2995 2092 3054 curn

460 3113 652 3173 consensu
680 3085 829 3204 capituli
859 3085 997 3190 nostri,
1026 3083 1189 3170 Hinzoni
1220 3099 1257 3170 et
1283 3081 1446 3170 Hinzoni
1468 3085 1549 3200 (sic)
1577 3084 1827 3174 molendinum
1857 3101 2025 3174 nostrum
2055 3086 2092 3172 in

459 3207 586 3292 Lorerlr
600 3199 676 3315 (³),
706 3202 925 3435 etposteris
945 3203 1131 3319 ipsorum,
1159 3202 1239 3288 iuro
1259 3197 1487 3289 hereditario
1508 3203 1544 3289 in
1565 3219 1783 3322 perpetuum
1806 3202 1994 3310 dedimus,
2021 3201 2092 3290 sub

457 3319 693 3429 baolorma.
789 3319 865 3407 uod
892 3319 1001 3407 nobis
1031 3335 1067 3408 et
1093 3321 1235 3408 nostris
1264 3321 1572 3436 successoribus,
1605 3322 1763 3440 singulis
1782 3315 1901 3408 'annis
1928 3323 1964 3408 in
1994 3321 2090 3408 lesto

457 3439 578 3526 sancti
597 3437 767 3544 Martini,
799 3436 964 3525 sedecim
987 3467 1138 3526 mareas
1159 3439 1308 3558 argenti
1328 3437 1487 3546 usualis,
1521 3441 1591 3558 ipsi
1614 3452 1651 3525 et
1670 3441 1812 3556 posteri
1833 3439 1977 3527 illorum
2004 3453 2092 3556 post

457 3584 528 3645 eos
543 3553 693 3642 soluere
710 3553 940 3643 tenebuntur:
962 3553 1212 3644 molendinum
1233 3571 1269 3643 et
1285 3556 1416 3660 molas,
1434 3561 1777 3678 quocienscumque
1794 3588 1955 3648 necesse
1970 3557 2089 3664 luerit,

457 3673 618 3792 propriis
648 3675 857 3792 sumptibus
884 3675 1124 3792 reparabunt.
1174 3671 1235 3761 Eo
1262 3689 1400 3761 tentum
1429 3691 1606 3794 excepto,
1637 3675 1738 3794 quod
1760 3677 1792 3761 si
1812 3677 1971 3794 impetus
1991 3705 2090 3795 aque

455 3790 642 3880 violentus
662 3793 934 3910 superueniens
956 3821 1143 3911 aggerem
1164 3791 1336 3912 fregerit,
1365 3823 1433 3908 per
1453 3809 1607 3882 nostros
1628 3794 1810 3898 homines,
1837 3807 2089 3914 quotcumque

294 3991 303 4000 .
454 3911 677 4029 poterimuS,
706 3911 813 4028 ipsos
839 3940 1077 4030 promisimus
1103 3891 1296 3998 adiuuare.
1348 3910 1499 3998 Porcos
1528 3915 1681 4030 insuper
1713 3928 1789 3998 tres
1819 3915 1993 4000 continue
2019 3941 2090 4030 pa-

454 4059 565 4120 scere
592 4027 831 4136 tcnebuntur‚
861 4043 899 4116 et
918 4028 1058 4117 molent
1085 4057 1156 4144 pro
1183 4029 1293 4116 nobis
1319 4041 1496 4144 quantum
1524 4059 1686 4118 necesse
1706 4031 1831 4136 luerit,
1861 4031 1942 4120 sine
1962 4029 2088 4150 aliquo

453 4147 593 4264 precio,
622 4160 660 4234 ct
678 4149 761 4237 sine
781 4145 856 4236 ulla
877 4145 1185 4237 contradictione.
1235 4146 1278 4233 ln
1299 4147 1405 4232 ouius
1425 4147 1479 4234 rei
1500 4149 1760 4254 testimonium,
1788 4179 1948 4266 presens
1968 4149 2088 4268 scrip·

454 4279 528 4351 tum
557 4265 648 4382 ipsis
675 4263 864 4372 dedimus,
894 4267 1012 4354 nostri
1041 4279 1079 4352 et
1099 4265 1248 4384 capituli
1276 4261 1621 4354 Wladislawiensis
1653 4265 1859 4386 sigillorum
1889 4267 2088 4355 munimine

452 4381 682 4470 roboratum.
712 4383 850 4471 Actum
872 4397 910 4471 et
930 4383 1056 4472 datum
1078 4385 1125 4482 in¹
1138 4389 1331 4472 Crusoe'cio
1351 4384 1445 4470 inira
1466 4401 1624 4474 octonas
1644 4384 1808 4493 Pascha,
1829 4415 1929 4472 anno
1949 4385 2086 4474 dornini

553 4631 578 4718 (¹
622 4633 746 4698 Festum
762 4633 895 4700 Pascbca
909 4633 967 4700 boe
982 4655 1063 4700 anno
1077 4629 1119 4702 28
1134 4653 1174 4700 m.
1188 4635 1288 4735 blqmii
1303 4635 1517 4736 celebrabamr.
1557 4719 1564 4735 ¹
1623 4719 1630 4736 .
1761 4720 1769 4734 .
1822 4720 1828 4734 ἱ
1910 4719 1945 4736 ..
2060 4717 2068 4732 .

526 4801 534 4816 ·
549 4719 590 4868 ἴῃ
618 4717 665 4784 Ex
681 4717 841 4867 aqcbetypo
855 4721 1086 4870 merqprcnaceo
1101 4719 1238 4870 tabuqqqpq
1240 4722 1373 4872 ¹1qaprtulp
1385 4719 1669 4872 ¹Wllquqqqllqrrenqqpis
1683 4720 1961 4872 {amaxonas
1976 4717 2087 4786 colons

450 4801 535 4872 mim
552 4823 610 4974 Plo
623 4821 700 4955 gibi
711 4821 898 4956 dqqffinplqlpr
950 4825 1222 4957 trffifflnfflorio
1235 4825 1457 4978 Bydgeditibdsi,
1478 4827 1688 4976 regri-iibere
1701 4827 2006 4958 isuniwlodiilurieusi
2019 4889 2086 4954 situ.
