4896 5926
1125 709 1372 784 ..12-

1200 1004 1294 1122 xc.

516 1276 935 1374 Wtodtetuvtum
960 1293 1117 1363 omno
1142 1271 1297 1362 126⁰
1324 1275 1418 1361 rttc
1442 1269 1513 1360 1³
1537 1271 1737 1358 noneste
1761 1270 1984 1376 mlta.

433 1479 704 1558 mannum
719 1477 961 1554 cumaeo
974 1479 1010 1551 u
1024 1476 1171 1572 operm
1183 1475 1570 1552 menusanum
1583 1493 1619 1550 n
1634 1462 1870 1549 umanum
1883 1429 2063 1568 sunm

617 1581 910 1658 lllalinlurtmau
923 1581 963 1654 tc
977 1580 1099 1658 omno
1115 1579 1270 1654 ecelesiae
1283 1579 1383 1654 ilatio
1397 1580 1507 1667 onum,
1521 1575 1724 1673 ductuum
1737 1591 1811 1648 me
1825 1575 1874 1660 (¹l
1918 1645 1925 1653 .
2101 1586 2103 1589 ’

533 1803 752 1893 Venerabili
771 1805 807 1892 in
828 1803 979 1892 Christo
999 1803 1097 1924 patri
1116 1869 1126 1890 .
1147 1868 1157 1888 .
1178 1801 1262 1914 (sic)
1283 1799 1495 1939 deitgracia
1511 1799 1721 1920 Episcopo
1751 1791 2062 1886 Wladizlauiensi

289 1960 291 1968 ¹
431 1922 630 2044 Philippus
656 1922 905 2012 miseracione
930 1920 1055 2010 diuina
1078 1919 1279 2010 Firmanus
1299 1949 1519 2040 episcopus,
1547 1917 1758 2036 apostolice
1777 1914 1881 2004 sedis
1901 1913 2062 2034 legatus,

432 2039 591 2130 salutern
612 2053 652 2127 et
670 2041 856 2130 sinceram
877 2039 914 2128 in
934 2035 1087 2127 dominc
1108 2039 1311 2131 caritatem.
1347 2041 1441 2128 Cum
1462 2067 1486 2126 a
1506 2037 1616 2127 nobis
1637 2036 1781 2152 petitur,
1803 2029 1905 2154 quod
1926 2029 2060 2119 iustum

432 2172 549 2250 estet
568 2159 787 2264 honestum3
816 2169 896 2262 tarn,
918 2156 1032 2291 uigor
1059 2186 1081 2242 e
1110 2157 1253 2262 uitatis,
1282 2185 1393 2274 quam
1414 2153 1510 2243 ordo
1532 2155 1648 2272 exigit
1666 2151 1847 2253 racionis,
1875 2161 1916 2236 ut
1933 2147 1972 2236 id
1992 2177 2063 2281 per

433 2273 717 2364 sollicitudinem
739 2273 858 2364 nostri
878 2273 988 2392 ollicrj
1015 2272 1065 2362 ud
1083 2187 1249 2363 debitum
1269 2271 1499 2393 perducatur
1518 2274 1703 2360 ellectum.
1752 2265 1928 2356 Exhibitu
1947 2267 2063 2386 siquo·

433 2389 520 2480 dem
546 2391 656 2480 nobis
681 2403 808 2480 uestra
834 2392 970 2510 peticio
997 2391 1231 2480 continebat:
1260 2388 1362 2509 quod
1389 2390 1477 2480 olim
1502 2389 1603 2478 bone
1628 2387 1808 2476 memorie
1834 2383 2061 2478 Kazmerius

433 2509 517 2622 (sic)
543 2505 620 2599 dux
648 2507 815 2626 Cuyauie
843 2540 915 2629 pro
941 2509 1203 2598 satisfaccione
1231 2525 1269 2598 et
1294 2507 1454 2597 emenda
1483 2503 1730 2628 quorumdam
1757 2503 2003 2620 dampnorum
2024 2511 2062 2588 et

431 2627 645 2716 iniuriarum
672 2626 835 2716 ecclesie
863 2641 989 2717 uestro
1017 2625 1199 2714 illatarum
1226 2656 1296 2744 per
1320 2627 1462 2745 ipsum,
1491 2622 1676 2745 quasdam
1695 2619 1946 2730 donaciones,
1971 2645 2060 2706 con·

432 2745 646 2852 cessiones,
681 2743 874 2834 libertates
908 2759 944 2832 ct
972 2743 1075 2832 bona
1104 2745 1258 2833 contulit
1293 2758 1331 2832 et
1357 2742 1461 2832 dedit
1489 2757 1615 2831 uestre
1645 2739 1806 2830 ecclesie
1832 2734 2058 2856 supradicte:

431 2875 543 2980 prout
570 2861 607 2948 in
632 2861 750 2981 ipsius
778 2861 885 2950 ducis
914 2861 1061 2969 litteris,
1097 2891 1255 2979 quarum
1285 2873 1393 2949 tenor
1422 2860 1472 2950 de
1501 2859 1618 2948 uerbo
1647 2855 1697 2946 ad
1725 2855 1880 2946 uerbum
1907 2857 2059 2946 inferius

270 3036 274 3044 ,
431 2991 625 3086 auolatur,
656 2977 801 3096 plenius
831 2976 991 3067 uidimus
1011 2978 1204 3066 contineri.
1255 2975 1349 3112 Nos·
1367 2977 1481 3096 igitur
1510 2977 1645 3066 uestris
1679 2975 1785 3064 iustis
1814 2975 2059 3094 peticionibus

432 3093 612 3197 inclinati,
647 3093 860 3184 huiusmodi
885 3093 1138 3198 donaciones,
1173 3123 1463 3203 concessiones,
1493 3095 1700 3200 libertates,
1727 3094 1995 3212 exempciones
2022 3103 2061 3176 et

431 3212 697 3420 bouaprelate
717 3213 879 3302 ecclesie
898 3225 1024 3300 uestre
1043 3241 1113 3332 per
1133 3213 1254 3330 ipsum
1275 3211 1409 3302 ducem
1431 3213 1589 3302 collatas
1610 3210 1711 3324 (sic),
1740 3211 1826 3330 quia
1846 3205 2059 3306 racionabi-

392 3331 514 3420 =liler

431 3445 699 3538 conlirmamus
719 3463 758 3536 et
777 3447 963 3566 presentis
983 3448 1109 3566 scripti
1129 3449 1338 3568 patrocmic
1360 3450 1641 3538 communimus.
1676 3443 1775 3536 Nulli
1796 3477 1892 3568 ergo
1908 3471 2059 3537 ommno

430 3565 621 3654 bominum
647 3563 758 3654 liceat
786 3566 885 3654 banc
913 3567 1091 3686 paginam
1110 3582 1241 3655 nostre
1261 3565 1563 3656 confirmacionis
1583 3565 1801 3685 infringere,
1827 3565 1888 3655 uel
1909 3565 1944 3653 ei
1962 3589 2058 3654 ausu

431 3683 631 3772 temerario
650 3683 848 3772 contraire.
900 3685 942 3771 Si
989 3685 1046 3770 uis
1065 3697 1188 3772 aubin
1214 3683 1289 3772 hcc
1315 3698 1522 3803 atemptare
1542 3685 1622 3780 (sic)
1648 3684 1933 3804 presumpserit,
1961 3681 2056 3772 indi·

429 3799 657 3922 gnacinnem
678 3802 940 3919 omnipotentis
959 3715 1021 3888 dei
1041 3816 1079 3889 et
1097 3801 1291 3890 beatorum
1317 3802 1422 3890 Petri
1443 3817 1481 3889 et
1504 3801 1613 3889 Pauli
1633 3799 1891 3919 apostolorum
1912 3802 1994 3889 eius
2014 3831 2058 3888 se

431 3918 578 4009 nouerit
596 3917 844 4007 incursurum.
894 3918 1025 4007 Tenor
1043 3935 1166 4008 autem
1187 3919 1375 4008 literarum
1396 3919 1503 4006 ducis
1523 3919 1654 4038 prelati
1673 3917 1757 4008 talis
1777 3933 1854 4008 est:

530 4035 574 4125 ln
594 4035 746 4126 nombre
765 4035 921 4145 domini,
950 4067 1086 4125 amen..
1109 4035 1295 4126 Nouerint
1312 4037 1476 4126 uniuersi
1495 4051 1569 4126 tam
1591 4037 1733 4154 posteri
1754 4066 1867 4156 quam
1887 4036 2057 4126 moderni

430 4155 530 4243 benc
556 4155 734 4275 pagiuam
762 4155 985 4290 inspecturi:
1048 4153 1124 4243 uod
1159 4183 1244 4242 cum
1280 4155 1375 4244 inter
1403 4154 1654 4244 venerabilem
1689 4167 1834 4274 patrem
1868 4153 2056 4241 dominum

431 4269 667 4360 Wolimirum
695 4273 856 4362 ecclesie
882 4185 1212 4361 Wladidauiensis'
1237 4273 1455 4393 episcopum
1481 4305 1529 4362 ex
1549 4301 1640 4380 una,
1667 4289 1704 4362 et
1728 4301 1800 4362 nos
1828 4271 2056 4360 llazimirum

430 4385 492 4476 dei
511 4390 644 4508 gracia
669 4387 845 4478 Lancicie
866 4405 904 4478 et
923 4392 1077 4479 Cuiauie
1097 4389 1232 4480 ducem
1253 4422 1301 4480 ex
1321 4393 1439 4480 altera
1459 4406 1582 4511 parte,
1611 4391 1741 4480 luisset
1759 4420 1876 4510 super
1895 4389 2057 4479 diuersis

579 3343 640 3418 cte
668 3343 774 3438 sunt,
792 3345 914 3427 ¹ratas
943 3328 1125 3420 babentes
1154 3345 1192 3420 et
1210 3345 1362 3467 gratus:
1397 3361 1465 3420 eas
1494 3330 1736 3436 auctoritate,
1766 3359 1842 3448 qun
1861 3327 2059 3466 fungimur,

531 4651 572 4740 (ι)
598 4653 646 4720 m
667 4651 827 4740 cumpo
847 4607 1078 4723 mnarum
1098 4655 1130 4722 u
1143 4655 1293 4724 tuneo
1313 4655 1434 4743 upton
1455 4655 1697 4724 maurannetus
1717 4663 1883 4722 maman.
1918 4652 2056 4739 suerrum

428 4741 545 4829 figurae
559 4759 599 4804 ex
610 4737 702 4824 longo
714 4737 879 4814 murone,
896 4738 959 4824 jam
973 4740 1094 4838 saepius
1107 4740 1308 4828 descriptum,
1329 4739 1473 4808 exbibens
1488 4741 1662 4828 episcopum
1676 4748 1825 4816 emtam,
1845 4737 1948 4806 dextra
1963 4757 2056 4806 mauu

428 4825 538 4894 lituum
552 4829 716 4903 moenum,
730 4842 897 4910 appensum
912 4823 1104 4892 astronomo
1117 4824 1213 4893 wico
1226 4825 1334 4892 coloris
1346 4823 1439 4892 rubri
