4876 5940
1117 725 1394 858 4-18o-

433 949 473 1024 ut
492 935 656 1024 breuiter
675 914 826 1054 singula
846 931 1233 1052 comprehendamus,
1264 962 1376 1022 omne
1396 933 1472 1040 ius,
1497 931 1600 1050 quod
1620 933 1658 1024 in
1677 930 1857 1052 predictis
1877 933 2068 1026 heredito-
2180 977 2185 982 ·

433 1053 531 1142 tibus
560 1051 763 1157 habemus,
800 1049 955 1138 domino
991 1053 1173 1172 episcopo
1209 1053 1281 1154 iarn
1318 1049 1438 1154 dicto,
1474 1053 1554 1140 suis
1585 1052 1894 1158 successoribus,
1930 1065 1968 1140 et
1997 1083 2068 1144 sue

431 1171 594 1260 ecclesie
629 1168 786 1273 domus,
826 1169 1009 1257 tradimus
1045 1183 1082 1257 et
1117 1169 1354 1287 resignamus
1390 1186 1575 1288 perpetuo
1610 1171 1691 1258 iure
1725 1171 1762 1256 in
1796 1171 1869 1288 hijs
1904 1171 2066 1288 scriptis

430 1287 575 1377 Verum
603 1286 706 1406 quod
732 1285 978 1376 hereditatem
1005 1299 1173 1378 nostram
1195 1286 1333 1376 dictam
1348 1293 1528 1402 ‘stupore
1559 1286 1855 1407 Sweutopeikus
1876 1289 2069 1407 quondam

296 1403 303 1441 ²
430 1407 618 1526 paiutinus
646 1406 883 1494 lanciciensis
903 1407 1038 1514 tenuit,
1069 1405 1247 1524 quamdiu
1266 1405 1376 1494 nobis
1386 1407 1537 1524 placuit
1556 1405 1847 1524 possidendam,
1875 1407 1996 1523 ipsam
2016 1409 2079 1520 ab,

309 1532 315 1545 '
430 1555 480 1614 eo
499 1524 674 1612 duximus
694 1523 970 1629 reuocandam,
1002 1537 1040 1610 et
1059 1523 1135 1612 hoo
1154 1521 1302 1641 publice
1331 1538 1597 1642 protestamur.
1647 1523 1893 1614 Reuocamus
1914 1526 2068 1645 insuper

430 1645 556 1732 omnia
590 1644 853 1746 instrumenta,
894 1643 928 1729 si
968 1671 1048 1760 qua
1083 1641 1276 1760 predictus
1315 1643 1585 1760 Swantopetk,
1627 1643 1688 1730 uei
1722 1643 1781 1734 sui
1815 1671 2068 1734 successores

430 1759 642 1852 exhibenda
671 1759 845 1848 duxerint
871 1791 986 1878 super
1012 1759 1217 1848 hereditate
1238 1761 1411 1879 superius
1431 1774 1649 1856 memoratu.
1699 1759 1743 1848 lu
1762 1761 1872 1848 euius
1890 1761 1945 1848 rei
1965 1763 2067 1850 testi·

428 1880 614 1982 monium,
650 1892 848 1996 presentes
878 1879 1066 1968 conscribi
1093 1879 1269 1984 fecimus,
1301 1893 1340 1964 et
1366 1878 1478 1998 sigilii
1504 1881 1623 1968 nostri
1652 1878 1851 1967 munimine
1878 1879 2065 1968 roborari

428 1995 676 2085 Presentibus
711 1996 784 2114 hijs
818 1997 995 2084 testibus:
1036 1993 1233 2084 Prandota
1268 1995 1476 2086 castellano
1511 1997 1823 2097 sandomiriensi,
1858 1998 1922 2116 qui
1956 1997 2066 2086 huius

429 2115 579 2234 negocij
616 2113 681 2202 tuit
716 2111 921 2218 mediator,
961 2113 1153 2202 Stanislao
1189 2114 1363 2230 palatino·
1396 2117 1636 2232 cuyauiensi,
1676 2113 1837 2204 Nicoiuc
1871 2117 2066 2232 preposito

429 2231 676 2438 ttttttt
703 2231 896 2437 {iiiii
920 2233 1435 2439 tttttattttttt
1459 2231 1666 2440 ”diiii
1684 2229 2067 2469 iiidiiiiddss

428 2495 528 2554 anno
557 2465 697 2554 dornini
727 2467 785 2555 Μο
807 2467 856 2553 C⁰
876 2469 925 2556 C⁰
946 2468 995 2575 (Γ
1015 2467 1134 2572 V111.,
1165 2469 1260 2556 inira
1281 2483 1439 2558 octenas
1459 2485 1591 2558 sancte
1612 2469 1802 2575 trinitatis,
1832 2497 1902 2587 per
1931 2497 2064 2559 manus

426 2583 612 2674 hhaunis
632 2586 919 2704 subcancellarij
942 2587 1209 2674 craoouiensis.

1051 2865 1057 2881 ’
1174 2919 1328 3037 curri.
1491 2857 1494 2864 ‘

565 3185 700 3272 strue
725 3186 877 3282 loco,
904 3204 1061 3274 anno
1086 3186 1244 3275 laod
1271 3189 1365 3276 dte
1389 3188 1463 3275 14
1488 3191 1689 3277 menete
1713 3191 1927 3278 martti.

143 3463 147 3472 ,
293 3339 298 3345 ¹
424 3381 738 3460 sumamus
758 3383 863 3460 tutos
879 3386 1058 3460 {contorti
1072 3385 1324 3466 dtitrrcieuutun
1337 3391 1509 3466 tumosis
1523 3389 1695 3466 tutamen
1709 3389 1861 3468 ditatam
1875 3372 2060 3484 trisoricu-

692 3501 759 3558 ιιι
775 3483 813 3557 do
827 3489 988 3580 persoluto
1001 3491 1123 3580 praetio
1136 3491 1290 3568 tonorum
1305 3493 1499 3562 Memnon
1513 3493 1645 3567 litorum
1658 3491 1736 3567 neit
1750 3495 1797 3584 (¹)-

507 3704 612 3796 'Nos
637 3711 755 3799 irater
780 3699 1017 3800 Ebirhardus
1045 3709 1202 3803 Ordinis
1229 3715 1506 3833 Cysterciensis
1527 3715 1762 3806 Gnezncnsis
1782 3715 1960 3804 Diocesis
1980 3715 2061 3804 Ab·

422 3827 494 3917 bas
511 3825 707 3916 dadolena
723 3830 918 3935 univorsis,
940 3829 991 3917 ad
1007 3861 1104 3950 quos
1120 3835 1358 3950 presencium
1375 3835 1511 3922 noticia
1526 3835 1610 3946 (sic)
1631 3835 1833 3955 eontigerit
1852 3833 2060 3972 pervenire,

424 3961 601 4036 constare
629 3947 799 4066 cupimus
830 3947 981 4065 publice.
1004 3949 1268 4066 protestando:
1300 3949 1417 4068 Quod
1448 3953 1673 4042 venerabilis
1702 3953 1740 4040 in
1771 3951 1923 4041 Christo
1952 3966 2062 4070 pater

422 4058 471 4154 a'c
500 4063 704 4171 doninus,
747 4065 932 4155 Dominus
961 4067 1159 4158 dohannas
1189 4067 1323 4158 Abbas
1355 4073 1571 4158 monasterii
1591 4069 1640 4159 de
1664 4074 1870 4186 Bposom'o,
1902 4066 2059 4159 Ordinis

525 4346 564 4432 (¹)
591 4350 639 4418 Ex
652 4315 814 4450 erchempo
832 4352 1077 4451 membranaceo,
1095 4351 1178 4442 quod
1198 4353 1230 4422 in
1246 4353 1393 4453 tabulario
1408 4355 1621 4454 Poenpniemis
1636 4353 1808 4456 prouinciae
1822 4353 1976 4454 priritagin
1987 4353 2059 4422 siut-

421 4431 553 4498 tuarum
567 4435 976 4535 coenobiorum-continente
997 4437 1362 4538 asservatur,dosorrpsrt
1381 4439 1568 4506 dootusrmus
1592 4439 1716 4506 Stroncz
1736 4441 1811 4505 dsin.
1846 4441 1926 4506 Huro
1938 4435 2060 4539 abidae

422 4534 557 4613 appensa
581 4519 814 4617 suntltoonroirs
840 4541 1030 4608 pergamenis
1054 4521 1116 4589 duo
1140 4523 1252 4621 sigilla,
1281 4527 1408 4590 ottanum
1434 4545 1473 4590 ex
1498 4522 1589 4622 longo
1614 4461 1778 4623 rodrudum
1799 4530 2007 4622 repraesentat
2027 4543 2059 4590 ιιι

423 4599 561 4666 aedicula
585 4601 704 4686 gothice
728 4611 898 4670 constructa
923 4605 1061 4674 abbatem
1087 4615 1184 4692 caprte
1205 4607 1319 4674 nudato
1340 4614 1485 4685 stantem,
1509 4608 1617 4676 lituum
1639 4628 1733 4674 manu
1754 4617 1874 4674 sinistra
1894 4615 2060 4675 tenentem.

422 4685 450 4752 E
469 4683 569 4750 verbis
589 4681 688 4752 eidem
708 4687 806 4774 sigido
826 4690 975 4776 inscriptis
993 4691 1043 4757 vir
1062 4691 1177 4780 adquot
1190 4691 1295 4760 literne
1310 4700 1465 4792 upppreut.
1503 4691 1639 4762 Alterum
1653 4692 1783 4780 sigilium
1796 4691 1961 4762 rotundum
1975 4690 2058 4759 erhi-
2165 4695 2176 4712 ⁹

422 4769 475 4836 oet
494 4767 630 4836 insinuiti
645 4769 780 4840 ueduata
800 4773 930 4842 Mobeni
951 4775 1010 4842 Dei
1032 4774 1272 4846 intentantem
1292 4775 1433 4846 manibus
1454 4783 1616 4846 meantem.
1655 4777 1827 4848 Verborum
1847 4775 2060 4864 inscriptorum

423 4853 472 4921 rix
486 4851 607 4922 literae:
620 4877 668 4934 „c
683 4877 746 4922 con.
761 4903 911 4923 .......
926 4858 942 4884 ”
956 4859 1015 4944 legi
1029 4869 1166 4945 possunt
1312 4917 1317 4930 .
1851 4895 1859 4902 ·
