4926 5940
1136 664 1412 740 -430—

457 872 577 963 rentia
597 869 722 960 debita
743 881 781 954 et
800 865 961 1003 bonore,
981 866 1108 960 literas
1128 829 1903 1004 apostolicas·executorialessauctissimi
1922 869 1962 958 in
1980 869 2086 961 Clui-

458 1006 518 1080 sto
591 989 656 1076 tris
677 1005 715 1076 et
734 984 873 1074 domim
895 986 1030 1090 nostri,
1067 985 1205 1078 domini
1223 983 1393 1092 Martum,
1419 982 1543 1072 druma
1565 981 1809 1102 prouidenera
1841 1015 1941 1106 papa
1971 991 2085 1107 quinti

457 1019 638 1213 moddini,
652 1106 732 1194 eius
752 1135 845 1194 vera
864 1103 964 1192 bulla
985 1103 1159 1220 plumbea
1176 1106 1212 1192 in
1226 1103 1382 1192 cordula
1399 1104 1556 1222 canapis
1572 1103 1783 1216 (sic),more
1796 1127 1955 1194 'romane
1970 1110 2086 1214 curie,

457 1224 694 1344 dependente
715 1223 891 1324 bullatas,
924 1253 1059 1325 sanas,
1092 1223 1220 1312 saluas
1251 1229 1294 1312 et'.
1313 1223 1504 1341 integras,
1535 1251 1612 1310 non
1633 1222 1809 1326 viciatas,
1840 1253 1917 1310 nou
1937 1227 2086 1314 cancel-

458 1343 708 1460 latransque
729 1342 764 1428 in
786 1339 912 1457 aliqua
933 1343 990 1428 sui
1011 1356 1117 1459 parte
1147 1355 1367 1459 suspectas,
1398 1340 1468 1428 sed
1490 1341 1590 1427 omni
1619 1369 1778 1456 prorsus
1809 1340 1906 1428 vicio
1935 1357 1973 1429 et
1997 1375 2084 1432 sus·

454 1463 604 1666 priene
616 1473 791 1548 carentes
813 1459 933 1561 nobis,
947 1489 1017 1593 pro
1038 1474 1145 1577 parte
1162 1457 1360 1546 reuerendi
1382 1459 1418 1544 in
1434 1457 1585 1545 Christo
1601 1457 1719 1574 putris
1735 1456 2083 1567 dominidobanuis,

493 1580 637 1696 piscopi
673 1575 1023 1683 Wladislauiensn,
1054 1605 1183 1664 euram
1220 1574 1376 1666 Notario
1413 1576 1562 1692 publico
1594 1589 1632 1661 et
1651 1576 1807 1663 testibus
1828 1593 2083 1694 presentatas,

454 1694 538 1784 Nos
559 1727 644 1783 cum
665 1725 722 1794 ea,
744 1725 817 1812 qua
840 1694 974 1800 decuit,
990 1695 1220 1800 reuerencia,
1236 1693 1414 1782 noueritis
1436 1693 1628 1812 recepisse
1648 1691 1862 1782 huiusmodi
1885 1695 1955 1782 sub
1973 1712 2081 1786 teno-

454 1844 506 1903 re:
536 1819 731 1927 (Sequitur
750 1819 862 1900 Bulla
881 1818 1043 1902 Marteni
1060 1818 1188 1926 Papae
1208 1818 1368 1924 ejusdem
1387 1819 1547 1913 tenorn,
1567 1818 1625 1898 ati
1640 1819 1680 1898 r'n
1700 1819 1827 1900 tabula
1841 1823 2084 1926 praecedenti

436 1925 549 2018 'anni
566 1941 665 2020 1426
686 1937 755 2021 Nr.
778 1927 1046 2019 CCCLXXVI
1060 1963 1102 2043 p.
1123 1936 1194 2019 418
1215 1964 1329 2042 nsque
1349 1939 1402 2018 ad
1419 1963 1544 2018 uocem
1564 1931 1734 2033 nomae).

509 2075 512 2083 ⁴
556 2047 781 2137 Huiusmodi
801 2046 983 2166 siquidem
1005 2048 1192 2135 literarum
1213 2049 1518 2167 apostolicarum,
1539 2061 1577 2134 et
1597 2077 1802 2164 processus
1819 2049 2083 2138 executoriolis

454 2165 542 2252 inde
562 2168 693 2268 secuti,
714 2167 849 2283 vigore
867 2165 1002 2251 luimus
1023 2194 1093 2281 pro
1114 2181 1220 2281 parte
1241 2167 1372 2283 prelati
1392 2163 1611 2254 Reuerendi
1637 2164 1751 2283 patris
1772 2161 1911 2276 domini
1938 2165 2082 2255 doban-

341 2313 345 2322 ·
455 2283 531 2387 nis,
558 2282 743 2400 Episcopi
769 2281 1104 2384 Wladislauiensis,
1134 2311 1218 2370 cum
1250 2281 1376 2370 debita
1405 2284 1588 2370 instancia
1610 2281 1791 2399 requisiti,
1822 2297 2012 2398 quatenus
2033 2282 2084 2372 ad

456 2401 723 2486 execucionem
753 2400 918 2516 ipsarum
949 2397 1170 2503 litterarum,
1202 2399 1303 2486 iuxta
1324 2399 1597 2486 continenciam
1619 2413 1656 2484 et
1676 2409 1844 2485 tenorem
1875 2399 2081 2488 earundem

454 2515 682 2634 procedere,
704 2529 740 2600 et
761 2514 968 2632 predictum
989 2510 1178 2603 dominum
1199 2516 1355 2604 Petrum
1375 2514 1518 2604 Mathis
1533 2515 1582 2602 de
1597 2521 1780 2628 Luperca
1801 2530 1989 2606 assertum
2009 2519 2081 2606 Cu·

423 2631 602 2740 ‚stadem
635 2634 956 2750 Poznaniensem,
987 2661 1103 2749 super
1132 2633 1333 2751 perceptis,
1372 2635 1546 2751 dampnis
1575 2646 1618 2718 et
1640 2635 1837 2751 expensiS,
1867 2635 2080 2752 peripsum

453 2751 490 2840 in
511 2750 611 2838 dieta
631 2749 717 2838 villa
740 2755 831 2837 Orte
851 2761 890 2837 et
908 2750 992 2866 alijs
1021 2751 1280 2867 pertinencijs:
1315 2763 1352 2837 et
1372 2752 1568 2869 signanter
1590 2766 1628 2839 ut
1649 2752 1930 2867 possessionem
1962 2753 2079 2871 ipsius

453 2869 538 2956 ville
561 2873 652 2954 Orte
684 2898 768 2954 cum
789 2868 867 2955 suis
888 2867 1126 2984 pertinencijs
1147 2867 1248 2956 dicto
1269 2867 1481 2958 reuerendo
1504 2868 1598 2985 patri
1617 2867 1773 2958 domiuo
1793 2867 1972 2975 Joltanni,
1992 2869 2026 2957 E
2054 2872 2082 2958 i·

454 3015 575 3102 scopo
597 2983 924 3091 Wladislauiensi,
945 3001 1009 3072 aut
1029 2986 1146 3102 ipsius
1166 2988 1404 3103 procuratori
1440 2987 1621 3106 legittimo
1652 2987 1734 3074 eius
1754 2987 1923 3094 nomine,
1955 2901 2080 3077 trade-

453 3119 512 3192 ret
531 3119 567 3190 et
587 3107 820 3223 assignaret,
851 3132 1003 3192 monere
1024 3133 1258 3192 curaremus:
1292 3101 1375 3192 Nos
1396 3133 1500 3210 vero,
1522 3120 1712 3226 tamquam
1732 3105 1829 3192 lilius
1850 3105 2079 3212 obediencie,

453 3217 668 3310 mandatum
705 3222 953 3338 apostolicum
990 3219 1202 3310 huiusmodi
1238 3225 1373 3342 exequi
1409 3223 1595 3326 relectae,
1627 3237 1873 3331 alienemur,
1904 3223 2081 3341 predictis

452 3341 568 3428 literis
608 3339 824 3428 executorie
865 3356 901 3428 et
936 3340 1177 3457 processibus
1207 3339 1407 3428 reuerendi
1425 3381 1429 3388 ·
1449 3342 1485 3429 in
1528 3340 1678 3430 Christo
1718 3343 1836 3457 patris
1868 3341 2008 3430 domiui
2042 3356 2081 3431 et
2185 3429 2189 3432 ,

452 3457 592 3544 domini
613 3457 724 3560 Petri,
746 3456 880 3546 eadem
903 3459 1035 3577 gracia
1055 3457 1238 3576 Episcopi
1258 3458 1489 3562 Electensis,
1510 3461 1627 3547 nostri
1643 3460 1678 3546 iu
1699 3459 1773 3546 hac
1794 3476 1900 3577 parte
1920 3459 2080 3582 college,

453 3589 672 3661 reuerenter
691 3577 864 3692 receptis,
885 3578 1066 3692 prelatum
1088 3575 1277 3666 dominum
1293 3578 1447 3664 Petrum
1468 3575 1611 3664 Mathis
1631 3576 1678 3663 de
1694 3583 1877 3691 luperca,
1893 3592 2080 3667 assertum

454 3690 651 3780 custodem
673 3695 983 3806 poznaniensem,
1014 3725 1037 3780 a
1064 3708 1234 3812 tempore
1264 3696 1550 3810 occupacionis,
1581 3709 1620 3781 et
1639 3723 1708 3810 per
1733 3711 1861 3784 certos
1887 3695 2081 3786 auditores

452 3809 555 3897 sacri
589 3805 736 3926 pallacij
773 3811 972 3926 apostolici
1001 3811 1037 3898 in
1060 3811 1176 3898 tribus
1211 3813 1404 3928 instaneijs
1440 3813 1717 3902 sentencialiter
1751 3813 2078 3929 condempnatum,

410 3941 418 3950 '
454 3927 664 4014 monuimus
683 3925 932 4043 personaliter
952 3925 1258 4046 apprehensum,
1282 3943 1466 4046 quatenus
1487 3931 1580 4017 inlra
1609 3931 1799 4018 terminum
1819 3930 1891 4016 sub
1913 3931 2022 4047 penis
2043 3946 2080 4019 et

291 4036 294 4044 ’
388 4086 392 4094 ’
453 4045 657 4161 sentenoijs
679 4046 714 4130 in
735 4044 844 4133 dietis
865 4044 979 4134 literis
1007 4045 1226 4163 apostolicis
1254 4061 1291 4134 et
1316 4048 1562 4165 processibus
1591 4047 2079 4137 executorialibus-'conten-

453 4177 528 4248 tum
565 4190 634 4278 pro
669 4164 872 4281 expensis,
899 4161 1072 4281 dampnis
1093 4180 1130 4252 et
1150 4166 1339 4282 perceptis
1368 4168 1404 4253 in
1426 4165 1526 4254 diota
1560 4165 1646 4254 villa
1685 4173 1776 4261 Orte
1796 4165 1847 4254 ad
1868 4167 1989 4286 ipsum
2019 4195 2080 4254 ne·

451 4279 657 4368 uerendum
680 4297 822 4397 patrem
844 4279 1033 4370 dominum
1053 4282 1264 4370 dohaunem
1286 4281 1531 4402 Episcopum,
1552 4299 1589 4372 et
1609 4285 1726 4402 ipsius
1747 4313 1915 4372 mensam
1929 4285 2079 4402 episco-

452 4399 575 4598 palem
605 4397 945 4488 wladislauiensem
977 4401 1253 4517 spectantibus,
1284 4402 1381 4488 sieut
1410 4403 1593 4518 prefertur
1629 4431 1697 4519 per
1732 4403 1853 4520 ipsum
1890 4401 2080 4490 domiuum

489 4530 605 4602 etrum
626 4514 769 4602 Mathia
790 4517 839 4604 de
858 4523 1030 4630 Laprtaw
1051 4519 1160 4606 illatis
1181 4536 1218 4607 et
1238 4519 1345 4606 laetis
1366 4520 1709 4614 satislaceretcum
1731 4521 1888 4639 ellectu,
1913 4519 1974 4610 vel
1994 4549 2080 4608 cum

452 4629 587 4719 eedem
609 4635 849 4723 amicabiliter
870 4650 1116 4755 componeret
1142 4665 1211 4754 pro
1238 4636 1398 4740 eisdem,
1431 4653 1468 4724 et
1488 4639 1772 4755 possessionem
1793 4639 1935 4756 realem
1956 4652 1993 4727 et
2013 4667 2079 4725 ac·
2100 4664 2104 4680 ·
