4876 5940
1009 799 1053 812 -
1108 726 1182 834 aas
1237 730 1302 834 -’.

348 956 506 1076 ligiosos
523 959 797 1066 viros,lratrem
822 957 1070 1061 Wernherum
1092 961 1139 1050 de
1163 968 1296 1051 Oroete
1316 937 1529 1082 generalem
1551 965 1787 1084 magistmm,
1809 996 1856 1052 ac
1875 967 1950 1056 lra-
2046 1021 2051 1026 ·
2146 1000 2148 1008 ¹

170 1170 181 1200 7
312 1191 314 1195 ,
348 1091 425 1166 tres
445 1074 639 1195 hospitalis
649 1094 779 1166 sancte
789 1063 1275 1172 lllerielerosolimitanede
1285 1082 1398 1172 domo
1408 1081 1650 1170 Thewtonica
1671 1115 1717 1171 ex
1738 1085 1866 1188 altera,
1887 1115 1950 1170 su·

376 1227 419 1283 er
438 1194 578 1296 litibus,
608 1199 873 1314 controuersijs
894 1225 941 1286 ac
962 1197 1151 1318 dampnis,
1180 1201 1274 1288 inter
1295 1208 1361 1288 eo's
1383 1231 1428 1286 en
1450 1217 1604 1320 utraque
1633 1203 1844 1320 partehinc
1865 1203 1950 1291 inde
2001 1243 2004 1264 ·
2101 1306 2106 1317 „

348 1226 501 1420 habitis,
532 1347 600 1435 per
620 1317 852 1404 venerabiles
873 1331 1000 1434 patres
1021 1317 1206 1405 dominum
1228 1317 1454 1426 Florianum,
1470 1311 1584 1408 lelicis
1606 1323 1781 1410 memorie
1803 1323 1950 1440 episco-

348 1465 434 1552 pum
456 1434 672 1554 plocensem
693 1451 973 1524 antecessorem
993 1452 1171 1540 nostrum,
1192 1452 1230 1524 et
1251 1436 1436 1554 dominum
1454 1437 1642 1545 Ottooem,
1659 1438 1783 1528 diuina
1805 1457 1840 1528 et
1860 1470 1950 1559 apo·

348 1551 480 1642 stolice
500 1553 602 1642 sedis
622 1553 866 1670 prouidencia
894 1557 1111 1674 episcopum
1133 1555 1376 1664 culmensem,
1409 1557 1457 1645 ac
1476 1559 1571 1647 alios
1594 1560 1719 1678 plures
1740 1563 1841 1647 viros
1861 1591 1950 1676 pru-

347 1673 489 1778 dentes,
511 1673 580 1760 sub
601 1705 700 1760 anno
722 1673 857 1761 domini
872 1673 1068 1763 'millesimo
1091 1677 1350 1788 trecentesimo
1371 1676 1569 1782 tricesimo,
1589 1679 1624 1764 in
1641 1679 1700 1764 die
1722 1677 1819 1771 h'eati
1851 1679 1951 1767 Bar·

347 1792 533 1898 tholomei,
549 1793 585 1878 in
602 1809 728 1880 castro
746 1791 959 1880 thorunensi
981 1795 1136 1882 sollicite
1158 1791 1460 1908 tractaretur(³);
1482 1797 1574 1884 inter
1595 1812 1744 1884 ceteros
1764 1799 1951 1904 articulos,

349 1911 397 1998 de
446 1911 552 1998 uibus
573 1912 754 1997 tractatus
786 1911 994 2002 huiusmodi
1024 1913 1250 2018 hebebatur,
1281 1914 1351 2000 iste
1372 1916 1584 2034 specialiter
1605 1918 1740 2003 exstitit
1767 1915 1949 2012 dillioitus:

246 2037 248 2044 '
347 1943 448 2148 qudd
469 2029 637 2148 religiosi
657 2030 724 2116 viri
746 2031 1028 2120 commendator
1047 2049 1084 2120 et
1104 2033 1238 2121 iratres
1259 2031 1399 2120 ordinis
1426 2035 1544 2122 sancti
1564 2033 1745 2122 lobannis
1764 2035 1951 2124 ¹ierosoli-

347 2148 472 2236 mitani
492 2146 540 2256 de
554 2155 744 2236 Lubisrow
757 2151 793 2235 in
814 2163 914 2240 terra
934 2151 1169 2250 Pomoranie,
1186 2181 1300 2268 super
1319 2150 1624 2258 dissensionibus,
1641 2154 1778 2270 iniurijs
1800 2170 1837 2242 et
1851 2155 1955 2242 daur-

346 2267 429 2385 pnis
448 2267 556 2356 lactis
575 2268 670 2355 inter
689 2269 814 2384 ipsos,
843 2286 880 2358 et
908 2269 1114 2390 predictum
1144 2269 1331 2358 dominum
1360 2273 1576 2390 episcopum
1602 2271 1953 2384 wladislauiensem,

346 2401 384 2474 et
405 2387 603 2505 capitulum
624 2417 692 2474 seu
714 2389 910 2476 ecclesiam
933 2417 1119 2489 suam-ac
1139 2418 1254 2506 super
1273 2389 1381 2476 bonis
1402 2421 1469 2478 seu
1486 2393 1802 2506 possessionibus,
1823 2391 1953 2482 videli·

226 2516 229 2526 '
347 2519 417 2592 cet:
437 2509 623 2619 deposce,
645 2509 819 2600 lllimri,
848 2512 1024 2620 Seotnilcy
1045 2521 1081 2594 et
1100 2513 1348 2594 Jenueewe'cze
1367 2509 1404 2594 in
1425 2507 1579 2624 dyocesi
1601 2511 1852 2612 cracouiensi,
1878 2519 1953 2600 Ne·

345 2657 487 2738 moyow
508 2639 544 2711 et
563 2628 797 2729 Sczebtcncz,
813 2626 849 2711 in
870 2624 1025 2740 dyocesi
1046 2623 1336 2714 wladislauieosi
1357 2623 1424 2736 (⁴),
1451 2627 1520 2744 ipsi
1542 2625 1693 2714 domim
1714 2629 1896 2746 episcopo
1916 2645 1955 2718 et

347 2741 510 2854 ecclesie
528 2773 597 2830 sue
617 2739 855 2848 adiudicatis,
877 2742 1106 2860 periodicas
1126 2775 1149 2831 a
1171 2742 1263 2830 sede
1283 2742 1490 2862 apostolica
1512 2742 1727 2862 deputatos,
1749 2747 1828 2866 ipsi
1848 2775 1953 2835 com·
1985 2805 1991 2822 .

346 2859 543 2950 mendator
571 2876 608 2949 et
627 2861 761 2950 iratres
791 2861 840 2948 de
860 2867 1046 2950 [mabsam
1066 2863 1243 2952 restitutis
1271 2862 1365 2952 uillis
1385 2894 1452 2950 seu
1474 2863 1778 2980 possessionibus
1822 2866 1954 2982 prelati

347 2978 484 3069 domini
505 2981 731 3100 episcopi'et
751 2982 898 3100 capituli
919 2983 976 3070 sui
996 3011 1064 3071 seu
1085 2983 1246 3070 ecclesie
1267 3011 1335 3071 sue
1355 2981 1683 3086 wladislauieosi's,
1705 3013 1799 3101 quas
1819 2985 1856 3074 in
1877 2999 1953 3073 ter-

345 3129 389 3188 ra
409 3099 637 3188 Pomoranie
670 3115 964 3217 occupauerant,
1004 3100 1113 3188 nichil
1134 3131 1203 3219 per
1221 3101 1439 3190 violenciam
1459 3116 1520 3188 aot
1543 3103 1751 3218 potenciam
1782 3105 1954 3194 occasio-

345 3227 394 3308 ne
415 3217 596 3308 dictarum
626 3219 813 3324 villarum,
843 3221 912 3340 ipsi
929 3220 1079 3308 domino
1106 3221 1286 3338 episcopo
1308 3233 1347 3306 et
1366 3219 1527 3308 ecclesie
1548 3250 1638 3324 sue,
1668 3235 1709 3306 u't
1727 3220 1864 3308 dictum
1885 3239 1953 3327 est,

343 3335 652 3444 adiudicatarmn,
674 3337 1047 3456 deberentrepetere
1074 3353 1136 3426 aut
1158 3339 1369 3444 vendicare,
1402 3338 1472 3428 sed
1493 3339 1747 3428 tantummodo
1774 3339 1955 3460 quidquid

346 3471 506 3576 possent
533 3457 669 3545 iudicio
696 3457 876 3564 ecclesie,
908 3477 1037 3546 coram
1056 3457 1179 3546 iudice
1209 3460 1432 3577 competenti
1453 3457 1502 3544 ab
1522 3459 1606 3576 ipso
1626 3458 1835 3580 requirere,
1865 3457 1955 3548 illud

345 3575 512 3664 obtinere
533 3575 724 3682 deberent,
746 3593 783 3664 et
803 3607 850 3664 eo
871 3577 1032 3666 contenti
1052 3576 1101 3664 ab
1122 3579 1220 3665 omni
1241 3575 1475 3673 dissensione
1502 3595 1537 3665 et
1563 3579 1752 3666 discordia
1767 3579 1956 3668 debebant

345 3691 529 3782 desistere
561 3727 636 3784 seu
650 3713 825 3784 cessare
856 3695 941 3784 Hec
961 3695 1073 3817 igitur
1092 3697 1149 3784 'ita
1171 3697 1283 3784 luisse
1304 3712 1414 3816 gesta
1442 3697 1655 3813 apredicto
1677 3697 1827 3793 domino
1853 3715 1954 3787 ante-

283 3829 287 3834 '
345 3843 502 3905 cessere
523 3829 675 3922 nostro,
700 3845 771 3904 nos
792 3813 983 3904 audiuisse
1012 3818 1196 3906 veraciter
1217 3827 1476 3934 protestamur.
1519 3816 1747 3904 Conlitemur
1777 3819 1895 3904 eciam
1917 3832 1954 3904 et

345 3946 600 4052 protestamur
619 3965 732 4052 super
753 3933 886 4024 eodem
908 3938 1071 4055 negocio
1091 3965 1163 4024 nos
1183 3935 1323 4024 vidisse
1343 3935 1470 4022 literas
1491 3937 1621 4052 prelati
1642 3936 1864 4024 uenerabilis
1884 3965 1952 4142 pa·

345 4053 411 4142 tris
433 4051 570 4139 domini
592 4052 743 4141 Ottonis
764 4055 931 4172 episcopi
961 4054 1177 4160 calmeasis,
1207 4055 1263 4142 sui
1284 4054 1433 4141 maioris
1455 4054 1563 4172 sigilli
1583 4055 1814 4170 appensione
1840 4083 1883 4140 ro
1910 4083 1954 4142 o·

276 4205 288 4224 ·
344 4187 458 4260 ratas.
491 4169 532 4257 ln
557 4172 663 4260 cu'nrs
683 4172 738 4258 rei
767 4173 1032 4278 testimonium,
1062 4186 1258 4292 presentes
1278 4171 1403 4260 literas
1423 4169 1502 4258 lieri
1523 4171 1688 4277 lecimus,
1704 4187 1746 4296 et
1766 4173 1883 4260 nostri
1903 4173 1953 4260 si-

346 4289 422 4411 gilli
442 4289 640 4382 munimine
660 4289 841 4381 roborari.
1953 4291 1957 4300 '
2056 4291 2062 4307 '

448 4539 487 4626 a)
528 4537 789 4606 videaturunus
805 4537 876 4605 aaut
893 4539 1050 4620 prasonu
1072 4519 1177 4609 econ
1191 4559 1219 4628 μ
1233 4539 1306 4608 ers.

448 4627 489 4710 (⁴)
532 4626 760 4712 Villancpotc',
781 4625 1070 4712 ll'rhimp.Slrotniln'
1081 4627 1188 4712 thiale),
1202 4626 1407 4694 Jcnuczoraicc
1420 4649 1525 4694 omnes
1541 4628 1570 4694 in
1586 4627 1734 4714 provincia
1750 4627 1953 4710 Cracouiensi,

347 4710 495 4780 territorio
510 4733 581 4780 uero
594 4720 625 4778 et
638 4711 760 4797 regiona
775 4711 961 4800 Stopnicensl
981 4713 1064 4788 sitae
1078 4712 1162 4779 villae
1174 4720 1273 4780 autern
1283 4711 1468 4800 Niemojewo
1483 4721 1514 4780 et
1528 4713 1631 4798 Zblap,
1648 4713 1710 4800 jum
1725 4713 1898 4801 descriptae.
