4956 5940
1049 723 1410 834 fece-

362 951 373 1008 t
463 959 546 1019 rum
566 953 817 1018 reservamus.
840 923 978 1033 nean,
999 924 1074 1013 iata
1093 937 1133 1012 et
1151 927 1188 1012 in
1208 925 1358 1128 scriptis
1379 923 1649 1040 ponuucciata
1669 935 1729 1010 est
1747 923 1819 1011 hec
1839 938 1972 1012 nosue
1991 925 2088 1014 diffi-

464 1049 577 1138 oitiva
597 1044 789 1134 sentencia
818 1048 1067 1148 madelme,
1089 1043 1125 1129 in
1146 1041 1261 1131 domo
1317 1042 1537 1129 abitaciouis
1556 1053 1703 1144 nosue,
1734 1041 1806 1128 sub
1826 1069 1930 1130 anno
1949 1041 2091 1134 dom'mi

464 1165 658 1253 millesimo
677 1160 1048 1282 mraddngantesinto
1068 1175 1221 1273 quarm
1242 1158 1305 1247 die
1318 1155 1394 1248 XX
1408 1160 1548 1247 mensis
1568 1159 1764 1276 februarij,
1785 1157 1972 1250 indicione
1994 1160 2089 1249 duo·

465 1283 631 1386 decima,
661 1278 901 1400 pontificatus
931 1280 1156 1368 sanctissimi
1182 1279 1220 1364 in
1249 1277 1399 1368 Christo
1420 1277 1536 1396 patris
1565 1291 1604 1365 et
1633 1275 1773 1366 domini
1801 1279 1921 1366 nostri
1950 1277 2092 1368 donin

463 1397 667 1517 Boniiecii,
698 1397 824 1486 divina
853 1396 1097 1515 providencia
1128 1393 1237 1513 Papa
1267 1398 1367 1501 neni,
1397 1423 1497 1482 anno
1519 1394 1814 1506 quintodecimo,
1851 1397 2093 1514 mandens

465 1517 638 1605 discretis
657 1515 762 1618 uiris,
783 1515 962 1604 dominis:
994 1513 1154 1602 Nieoiao
1175 1511 1324 1603 Nicolai
1344 1513 1394 1601 de
1414 1521 1563 1628 Hippin,
1586 1514 1810 1630 presbitero,
1840 1527 1879 1600 et
1898 1514 2091 1604 Smnblao

464 1633 664 1723 Budkonis
681 1632 731 1722 de
743 1637 950 1722 Comicae
972 1630 1042 1744 (³),
1065 1632 1384 1750 notariepubiico,
1408 1632 1554 1720 dericis
1570 1631 1772 1720 Pincensia
1792 1629 1970 1738 diocesis,
1990 1635 2091 1722 testi·

466 1753 539 1842 bus
558 1750 828 1870 adpremissa.
877 1751 922 1838 ln
942 1773 1100 1864 quorum
1130 1753 1295 1838 omnium
1315 1767 1353 1839 et
1372 1749 1606 1870 singulorum
1637 1745 1752 1836 tidem
1771 1764 1810 1838 et
1828 1751 2090 1855 testimonium,

491 1883 665 1960 reseutes
685 1870 827 1958 litteras
845 1897 915 1958 seu
935 1897 1095 1989 presens
1129 1870 1411 1957 instrepentem
1430 1868 1639 1986 publicum,
1670 1867 1902 1955 sentenciam
1923 1885 2092 1956 nostram

466 1899 679 2080 iiuiusmodi
698 1989 737 2075 in
756 2015 800 2077 se
820 1988 1054 2076 continentes
1083 2013 1153 2076 seu
1173 1989 1389 2094 continens,
1417 2015 1489 2106 per
1505 1983 1745 2104 Bogusieum
1767 1985 1952 2074 notarium
1972 1987 2093 2104 puuti·

467 2133 553 2195 cum
572 2107 857 2224 inirasoriptum,
876 2133 925 2194 ac
944 2133 1062 2201 cause
1080 2107 1267 2224 presentis
1287 2131 1416 2194 coram
1436 2103 1546 2194 nobis
1567 2102 1751 2210 scribam,
1777 2101 1891 2190 scribi
1912 2119 1951 2192 et
1969 2103 2092 2224 pubii-

467 2221 857 2358 commendavimus,
887 2224 1083 2336 nostrique
1108 2221 1346 2312 Officialatus
1381 2221 1491 2343 sigilli
1527 2221 1760 2341 appensione
1793 2217 1951 2310 mimus
1986 2249 2093 2310 com-

458 2367 611 2428 'muurru

534 2437 537 2448 ’
569 2456 626 2568 (S.
646 2455 710 2569 N.)
730 2455 800 2568 (⁴).
831 2437 880 2544 Et
901 2485 979 2593 ego
998 2453 1221 2578 Boguslaus
1243 2457 1439 2546 Przibisiai
1458 2453 1685 2561 deSwinki,
1705 2457 1865 2546 clericus
1886 2455 2092 2546 Wiedinia·
2232 2497 2244 2512 ·

468 2575 611 2664 mensis
633 2573 819 2680 diocesis,
839 2575 1023 2694 publrcus,
1043 2575 1231 2696 Imperiali
1247 2577 1489 2682 auctoritate,
1511 2571 1706 2682 Notarius,
1725 2575 1934 2696 prefatique
1954 2573 2093 2664 domini

469 2691 619 2780 Nicolai
641 2691 827 2782 Officialis
848 2707 885 2780 et
902 2689 1048 2781 iudicis
1068 2721 1117 2782 aa
1137 2721 1255 2782 cause
1285 2692 1471 2812 presentis
1502 2721 1632 2781 coram
1653 2722 1700 2780 eo
1720 2694 1865 2797 samba,
1896 2693 1983 2804 quia
2003 2721 2092 2812 pre-

469 2809 581 2898 dictis
600 2811 792 2899 sentencie
813 2809 1002 2899 diffinitive
1017 2813 1054 2898 in
1069 2812 1652 2930 scriptislacioni,perceptorum
1672 2837 1721 2898 ae
1741 2836 1989 2928 expensarum
2002 2837 2094 2899 con·

469 2926 733 3046 dampnacioni
754 2943 792 3016 et
810 2928 894 3045 aiijs
914 2929 1119 3047 premissis,
1149 2928 1238 3016 dum
1259 2931 1326 3034 sic,
1347 2943 1386 3016 ut
1404 2929 1634 3046 premittitur,
1654 2957 1725 3047 per
1744 2927 1882 3018 dictum
1902 2927 2093 3036 dominum

469 3043 668 3133 Nicolaum
689 3043 901 3135 Officialem
922 3059 960 3133 et
980 3073 1109 3134 ceram
1130 3049 1214 3166 ipso
1235 3061 1438 3164 agerentur
1470 3062 1507 3134 et
1525 3047 1677 3154 fierent,
1698 3073 1773 3135 una
1794 3075 1879 3135 cum
1905 3047 2093 3166 prenomi-

470 3164 567 3251 natis
588 3164 743 3252 testibus
763 3191 921 3280 presens
941 3165 1102 3271 interfui,
1134 3189 1256 3278 eaque
1277 3165 1403 3252 ontnia
1422 3179 1460 3252 et
1479 3165 1628 3284 singula
1648 3165 1700 3252 ab
1719 3165 1875 3254 exordio
1894 3189 2014 3253 cause
2033 3193 2094 3252 us-

471 3307 546 3399 que
566 3279 617 3368 ad
637 3280 866 3370 decisionem
888 3281 1188 3390 eiusdem,ruunu
1209 3281 1362 3402 propria
1378 3282 1414 3368 in
1434 3284 1530 3370 actis
1545 3280 1834 3391 consendendo,
1854 3283 1911 3371 sic
1929 3281 2095 3372 derividi

470 3411 509 3485 et
528 3398 673 3506 audiri,
693 3413 731 3488 et
750 3397 837 3488 ideo
857 3401 894 3488 in
915 3400 1013 3489 hanc
1031 3396 1216 3518 publicam
1238 3401 1395 3488 formam
1414 3395 1559 3522 redegi,
1580 3402 1768 3522 signoque
1789 3417 1826 3491 et
1845 3402 1995 3491 nomine
2015 3427 2094 3488 me·

470 3517 505 3602 is
524 3515 641 3604 solitis
661 3531 699 3605 et
718 3520 926 3626 consuetis,
957 3545 1032 3606 una
1052 3547 1136 3606 cum
1157 3519 1389 3638 appensione
1416 3517 1525 3638 sigilli
1550 3517 1636 3608 dicti
1660 3519 1798 3638 dominj
1821 3511 2016 3626 Officiaiis,
2047 3515 2096 3607 de

471 3659 541 3720 sua
563 3646 666 3722 certa
696 3635 870 3743 sciencia,
902 3637 1137 3756 consignavi,
1159 3639 1196 3725 in
1216 3635 1327 3725 tidem
1355 3649 1392 3724 et
1412 3636 1659 3727 testimonium
1684 3636 1916 3758 singulorum
1936 3637 2095 3756 premis·

471 3777 611 3839 sorum.

586 3985 614 4066 ³)
643 3981 801 4053 Korakoe
814 3987 882 4054 uitia
895 3987 1038 4052 territori
1053 3995 1084 4052 et
1098 3988 1228 4073 regionis
1242 3985 1448 4075 Gortynensis.

586 4069 614 4153 ⁴)
642 4068 769 4157 Signum
783 4071 898 4140 Notarii
912 4069 1014 4150 idem,
1035 4071 1116 4160 quod
1131 4091 1221 4158 supra
1237 4071 1355 4140 tabutas
1369 4074 1439 4140 unni
1457 4073 1537 4142 1403
1553 4074 1686 4142 additum
1701 4073 1842 4142 cernitur.
