4984 5930
1132 703 1379 836 ..32ss

444 969 586 1060 dudum
614 967 845 1071 absolutum,
875 993 1004 1054 coram
1035 961 1177 1052 eisdem
1205 959 1363 1050 testibus
1389 958 1621 1048 asolutionc
1650 987 1744 1048 uma
1764 959 1898 1063 mallis,
1927 957 2073 1048 duxiin

443 1103 663 1208 perpetuum
691 1082 938 1174 eximendum.
986 1082 1125 1170 Datum
1151 1111 1251 1168 anno
1279 1078 1554 1169 incarnacionis
1584 1075 1769 1166 dominice
1794 1075 1852 1164 Μο
1873 1077 1959 1166 CC
1985 1075 2071 1168 xx

333 1203 344 1224 ⁸
444 1205 615 1296 seeundo
631 1199 705 1317 (¹⁰)
724 1203 789 1291 lll.
811 1231 933 1291 nonas
953 1199 1056 1316 Maij.

527 1453 581 1539 (¹⁰)
609 1455 645 1526 ln
667 1451 843 1520 multando
863 1473 960 1529 anuo,
995 1470 1057 1537 quo
1081 1448 1182 1514 nbula
1203 1447 1278 1516 haec
1299 1447 1408 1532 scripta
1430 1447 1501 1524 luit,
1526 1444 1700 1514 manifestus
1723 1465 1808 1512 orror
1828 1445 2073 1532 deprehenditur.

443 1539 563 1606 Etenim
585 1539 772 1604 incontextas
792 1534 1067 1620 cantoennensi
1088 1533 1241 1598 Boleslaus
1263 1539 1493 1598 commemorat:
1527 1532 1553 1608 l,
1575 1537 1693 1616 patrem
1714 1549 1802 1594 suum
1824 1531 1991 1598 Lescouem
2009 1529 2074 1616 jam

443 1623 534 1687 erite
549 1623 726 1697 excessisse,
748 1622 958 1700 [conaturam
973 1617 1103 1682 eundem
1126 1616 1303 1680 1111101221
1326 1615 1357 1680 in
1379 1615 1446 1680 villa
1468 1613 1600 1692 Gasawa
1622 1613 1854 1698 interemptum).
1883 1614 1914 1688 2,
1934 1619 1964 1680 Δ
1977 1621 2074 1680 matre

442 1723 497 1770 sua
511 1705 691 1771 Grimlsleva
704 1704 736 1768 lu
750 1701 805 1768 coll
871 1704 900 1766 io
914 1700 1143 1766 Scariszeviansi
1158 1699 1306 1784 quaedam
1319 1699 1357 1762 da
1372 1698 1486 1764 eisdem
1500 1697 1672 1764 homiuibus
1686 1696 1847 1782 Belejeuici
1860 1697 1945 1764 dictis
1960 1699 2074 1764 munita

442 1787 544 1856 luisse:
559 1810 577 1855 e
591 1788 693 1854 noma
706 1793 808 1852 autam
854 1787 908 1850 lX,
923 1785 1010 1850 Tomi
1025 1785 1047 1848 1.
1062 1782 1157 1848 nostrl
1171 1781 1290 1848 Codicis
1303 1803 1334 1868 p.
1348 1781 1386 1848 31
1406 1781 1508 1848 ridere
1521 1781 1598 1858 licat,
1612 1780 1684 1846 illud
1699 1780 1879 1866 colloquium
1895 1801 1975 1848 auno
1991 1779 2074 1849 1228

441 1871 579 1938 habitum
593 1871 693 1936 lrrisse.
724 1873 832 1934 Annus
854 1869 957 1966 itaque
981 1867 1063 1932 1222
1084 1886 1276 1964 nequaquam
1297 1865 1342 1930 uti
1364 1872 1464 1930 rectus
1483 1867 1589 1930 ascribi
1604 1871 1709 1949 potest
1748 1865 1814 1930 Vox
1828 1866 1956 1932 σισυσυιᾱο
1972 1865 2004 1930 in
2017 1865 2073 1931 hac

442 1955 547 2020 tabula
567 1953 696 2020 totaliter
715 1954 878 2042 exsmipta,
900 1973 931 2016 m
953 1971 1021 2016 eam
1044 1969 1099 2015 nos
1120 1949 1295 2034 opimonem
1317 1948 1450 2013 adducit:
1473 1967 1607 2014 errorem
1620 1955 1737 2012 tautam
1759 1948 1789 2013 iu
1805 1968 1934 2015 uuorcrc
1948 1949 2073 2014 decano

443 2036 551 2106 inesse
580 2040 661 2104 lutor
674 2043 765 2104 testes
779 2037 886 2102 citaw
899 2055 988 2112 unus
1009 2034 1062 2120 qui
1075 2033 1153 2098 hano
1167 2033 1254 2098 solvit
1266 2033 1482 2118 quaestionem,
1497 2033 1639 2098 nimirum
1655 2032 1829 2117 ffudlryoc
1864 2033 1922 2100 llic
1935 2031 2074 2098 laudatur

443 2120 536 2186 veluti
550 2121 714 2206 palatinus,
735 2119 837 2206 procul
852 2119 944 2186 dubio
957 2117 1106 2204 palatinus
1121 2115 1341 2190 Cracoriensis;
1363 2137 1433 2181 nam
1448 2117 1473 2180 si
1488 2116 1579 2182 intelli
1602 2115 1697 2182 andus
1712 2123 1792 2180 esset
1825 2116 1952 2182 alatinus
1968 2117 2073 2182 Lanci-

444 2203 568 2282 ciensis,
593 2211 664 2268 tuuc
685 2223 744 2268 vox
764 2201 965 2268 Leuciciensis
987 2201 1096 2267 diserte
1118 2201 1217 2266 addita
1239 2197 1352 2264 luisset.
1391 2199 1545 2266 Palatinus
1593 2199 1773 2265 raeoricnsis
1796 2137 1941 2266 lulislaus
1966 2221 1985 2266 e
2007 2199 2073 2265 villa

444 2286 585 2352 stuacao
595 2286 750 2364 oriundus,
760 2293 885 2352 ornatus
896 2285 1004 2370 insigni
1016 2284 1131 2370 Griphc
1141 2282 1229 2361 dicto,
1242 2293 1370 2350 mortem
1381 2284 1507 2369 oppetiit
1517 2283 1596 2370 apud
1606 2283 1713 2350 urbem
1723 2283 1887 2368 ligniclaru
1898 2303 1979 2350 anuo
1993 2284 2072 2350 1211

444 2371 481 2453 (V
483 2369 531 2437 ida
546 2369 758 2456 Dhrgouiuml
792 2372 858 2436 Non
874 2369 1043 2436 dubitamus
1058 2370 1099 2434 ita
1120 2389 1159 2434 uc
1174 2387 1288 2434 aunum
1305 2367 1386 2433 1242
1409 2369 1453 2434 uti
1466 2389 1571 2435 rerum
1586 2387 1747 2455 apponere.
1781 2367 1873 2435 Error
1887 2375 1988 2434 autem
2004 2367 2074 2434 inde

445 2459 529 2521 ortua
544 2475 609 2521 esse
624 2451 749 2533 videtu,
764 2454 847 2542 quod
861 2452 1001 2520 librarius
1015 2451 1081 2520 loco
1096 2391 1160 2521 ll„
1174 2469 1335 2522 numerum
1348 2452 1420 2520 XX.
1434 2452 1602 2540 scripserat.

1121 2859 1124 2866 ,
1165 2737 1345 2888 xxxrr.

515 3036 519 3046 ·
573 3007 856 3103 sinodice,
883 3003 1217 3090 nnno1242
1244 3005 1338 3090 «tte
1361 3003 1435 3089 16
1448 3006 1515 3110 (t)
1542 2955 1742 3089 Μυσὴ
1767 3005 1945 3102 contr.

446 3205 701 3281 comanus
721 3207 793 3282 ltu
812 3205 980 3282 maeones
1002 3212 1037 3282 et
1056 3207 1232 3294 modae,
1255 3205 1429 3282 samono
1451 3206 1498 3280 alc
1519 3205 1613 3280 dlctls
1634 3207 1824 3302 neantes·
1845 3207 2074 3301 muspuoept

444 3304 646 3397 θυυυυισυυίυ,
666 3325 726 3386 asc
746 3325 808 3383 rou
830 3308 1046 3401 mucsporou
1064 3307 1512 3502 τῗῖυγυΰυέζιυισιιυὲὲἓυυῐιιυῖυἱυ,
1534 3307 1724 3402 diurnam
1744 3308 1961 3398 adesum,
1983 3310 2074 3384 rana

545 3625 684 3716 Notum
705 3629 753 3718 sit
772 3631 975 3738 uniuersis,
1004 3630 1150 3750 quode
1182 3663 1205 3720 o
1227 3633 1429 3752 episcopus
1453 3631 1714 3742 Wratizlauie,
1739 3663 1763 3722 a
1784 3633 1881 3722 duce
1900 3639 2074 3722 Lamina

444 3743 635 3854 Conrado,
657 3745 892 3865 priuilegium
913 3747 1090 3836 libertatis
1111 3662 1279 3836 ullarum
1301 3751 1463 3837 ecclesie
1483 3751 1518 3837 in
1540 3749 1673 3837 codam
1696 3750 1833 3838 ducatu
1855 3751 2073 3869 positarum,

443 3878 482 3952 at
501 3863 538 3952 in
559 3862 758 3953 ducatibus
777 3863 935 3954 liliorum
940 3864 1113 4070 lmdicn
1134 3867 1258 3974 ducis,
1288 3865 1484 3955 Bolezlaui
1505 3882 1543 3955 et
1562 3866 1754 3986 Kazimirj,
1775 3897 1861 3955 curu
1882 3898 2073 3957 consensu

442 3979 649 4070 eorundem
677 3981 841 4092 obtinui,¹
863 4011 937 4100 quo
985 3985 1219 4186 priuilegium
1240 4013 1373 4074 omnes
1393 3985 1549 4102 predicti
1570 3984 1709 4092 duces,
1740 3985 1872 4105 sigillis
1892 3987 1971 4074 suis
1992 4015 2071 4072 mu·

442 4100 626 4188 niuerunt
679 4100 798 4188 Cuius
819 4113 928 4188 tenor
948 4114 985 4187 ta
999 4101 1032 4186 is
1054 4113 1129 4188 ast:

542 4215 585 4302 lu
606 4217 756 4304 nomine
776 4217 934 4325 domiui,
964 4247 1086 4305 amen.
1137 4216 1226 4337 Ego
1257 4218 1458 4307 Conradus
1487 4219 1564 4306 dux
1597 4220 1784 4307 Craoouic
1812 4233 1849 4305 et
1868 4214 2072 4307 Lanclricie

440 4329 759 4448 predecessorum
779 4365 945 4423 meorum
968 4335 1137 4455 uestigiis
1157 4333 1365 4440 adherens,
1397 4367 1602 4456 eorumque
1622 4337 1778 4454 cupiens
1797 4335 1879 4424 ficri
1900 4334 2073 4453 ijdoneus

440 4447 621 4554 imitator,
651 4454 847 4566 presertim
877 4453 1011 4560 ineis,
1042 4483 1115 4572 quo
1142 4454 1289 4572 pietatis
1317 4453 1442 4543 olficio
1471 4453 1521 4542 ad
1542 4453 1703 4542 diuinum
1725 4453 1861 4542 cultum
1890 4467 1928 4540 et
1948 4454 2067 4541 eccle·

465 4779 473 4796 .
496 4780 504 4796 .
542 4693 582 4780 (¹)
609 4693 658 4763 Ex
677 4696 839 4787 melampo
858 4699 1087 4799 memlsranaoeo
1108 4703 1303 4802 lonhdmlo
1316 4703 1437 4790 capituli
1457 4702 1699 4802 lllndJslasieusis
1713 4711 1866 4772 merram
1879 4702 2070 4802 descriptam.

438 4777 587 4936 {Q
592 4778 712 4952 mli-²
720 4781 867 4872 Superest
878 4785 1007 4854 taemola
1023 4806 1207 4873 pergamena
1219 4809 1310 4856 unnu
1324 4795 1440 4854 tautam
1454 4787 1559 4874 srgrllr,
1579 4787 1716 4877 quamvis
1731 4789 1762 4856 iu
1776 4785 1877 4856 utun
1890 4793 2005 4854 manue
2019 4785 2072 4852 liat
