4984 5930
1055 729 1303 806 ..23-

1098 1027 1258 1146 xxvt.

996 1295 1162 1385 (lim
1185 1292 1360 1384 lm.

364 1493 1996 1594 muranumeemuvnueueuamnommrnnumoaun

705 1594 1066 1689 5555555555-
1080 1595 1308 1692 ouem
1321 1593 1662 1686 mummulo.

322 1901 326 1908 .
463 1813 649 1908 Noueriut
677 1817 816 1937 singuli
846 1832 884 1906 et
903 1815 1067 1906 uniuersi
1095 1831 1228 1908 sancta
1247 1817 1377 1906 matris
1397 1819 1560 1909 ecclesie
1579 1817 1661 1920 lilii,
1690 1833 1729 1908 et
1747 1819 1906 1908 55551555
1926 1819 1994 1908 du-

363 1963 431 2024 ces
464 1937 637 2023 05555555
666 1933 769 2054 quod
796 1965 868 2024 nos
898 1931 1100 2024 Conredus
1126 1933 1188 2024 dei
1213 1935 1347 2054 gracia
1372 1934 1450 2024 dux
1469 1943 1641 2026 55551515
1661 1965 1791 2026 coram
1812 1935 1904 2044 deo,
1935 1937 1999 2057 qui

363 2051 624 2144 conscienciae
644 2052 746 2142 uidet
765 2053 946 2159 omnium,
972 2067 1010 2144 et
1030 2082 1159 2144 corum
1180 2051 1355 2144 omnibus
1376 2054 1618 2144 testificamur
1638 2055 1867 2160 hominibus,
1894 2053 1997 2172 quod

362 2167 451 2258 rille
481 2173 642 2258 Otlutn'n
673 2169 910 2260 Cuiauiensis
940 2169 1119 2288 dyocesis
1148 2173 1185 2258 in
1212 2172 1294 2288 ripa
1323 2175 1416 2258 Vtile
1435 2173 1571 2262 situata
1588 2169 1664 2286 (²),
1693 2174 1758 2264 luit
1780 2172 1867 2263 olim
1887 2171 1997 2262 here·
2155 2255 2161 2264 .

362 2285 496 2376 ditaria
516 2288 663 2378 Sassini
683 2291 802 2404 petris
823 2289 1047 2392 Geteconis‚
1077 2289 1228 2378 tandem
1248 2287 1429 2406 Episcopi
1446 2295 1723 2380 Mozoutene’s:
1751 2287 1994 2408 eiusdemque

361 2403 509 2493 Sassini
528 2407 635 2493 curia
655 2407 727 2492 situ
747 2419 841 2512 5551,
864 2407 961 2496 51551
980 2406 1105 2495 adhuc
1124 2405 1282 2527 plurima
1302 2403 1499 2498 declarant
1518 2408 1663 2516 indicia,
1682 2437 1797 2500 secus
1818 2421 1993 2514 montem,

361 2523 425 2640 qui
453 2526 598 2610 1115555
625 2521 833 2641 vulgariter
861 2523 1081 2640 appellatur.
1111 2526 1174 2644 qui
1202 2551 1311 2614 55555
1341 2523 1471 2612 5151511
1493 2526 1567 2612 iam
1594 2525 1730 2614 dietam
1755 2525 1879 2614 uillam
1908 2553 1993 2612 oum

359 2637 600 2756 pertinenciis
628 2640 710 2727 suis
738 2668 762 2725 a
790 2639 876 2728 villa
904 2647 1046 2726 Brosci
1061 2638 1115 2751 (³)
1145 2669 1230 2728 curn
1257 2642 1496 2756 pertinenciis
1521 2642 1661 2760 ipsius:
1691 2656 1846 2758 eratque
1876 2671 1993 2732 uerus

361 2757 475 2844 heres
494 2756 690 2874 utriusque
709 2755 783 2872 vije
808 2757 991 2874 equaliter
1010 2785 1097 2846 5555
1116 2757 1231 2844 lluuio
1260 2757 1443 2848 inmediri
1464 2758 1708 2846 discurrente.
1759 2757 1838 2870 Qui
1864 2759 1993 2848 Sassi·

360 2903 432 2963 nus
453 2901 538 2960 uum
555 2871 652 2962 diem
669 2871 863 2961 clauderet
878 2889 1095 2978 extremum,
1115 2873 1191 2962 llio
1210 2901 1283 2964 suo
1306 2873 1498 2964 Getnooni
1511 2875 1633 2962 villum
1654 2873 1799 2992 reliquit
1819 2873 1993 2964 eandem.

360 2988 612 3080 Postmodum
633 2989 778 3114 Getepo
799 3020 885 3078 oum
906 2991 1020 3078 nobili
1041 2989 1225 3110 quodam,
1256 2991 1403 3080 scilicet
1430 2990 1634 3098 Clemente,
1655 2991 1994 3080 commutacionem

359 3108 447 3196 lecit
476 3109 607 3196 telem:
640 3106 738 3196 dens
767 3107 816 3196 illi
847 3113 1121 3196 0551515555
1157 3109 1330 3197 omnibus
1359 3107 1574 3199 utilitatibus
1603 3109 1703 3215 suis,
1740 3121 1777 3194 51
1806 3109 1994 3227 recipiens

359 3223 485 3312 villam
504 3253 590 3314 cum
610 3225 698 3314 suis.
709 3225 947 3342 pertinenciis
967 3250 1042 3343 que
1059 3231 1218 3314 Lotouiz
1234 3223 1289 3340 (⁴)
1308 3239 1554 3344 nuncupetur.
1601 3223 1771 3314 Tandem
1795 3224 1995 3314 Clemente

360 3341 517 3430 1555555
542 3341 654 3430 liliam
683 3369 790 3429 suam
818 3347 1028 3431 Strelcensi
1051 3345 1301 3450 monasterio,
1335 3349 1495 3434 01151515
1523 3342 1622 3432 idom
1650 3342 1778 3434 obtulit
1805 3341 1879 3432 den
1907 3373 1994 3432 cum

360 3457 455 3577 ipsa.
505 3459 706 3546 Testemur
725 3460 879 3577 insuper
907 3474 945 3548 51
963 3461 1204 3551 iureiurando
1224 3460 1375 3550 sumere
1395 3489 1616 3580 possemus,
1647 3459 1751 3580 quod
1770 3459 1820 3548 ed
1840 3457 1994 3550 multem

361 3575 513 3696 collegii
526 3581 750 3664 8551555515
764 3577 996 3684 instanciam,
1018 3577 1121 3696 quod
1136 3579 1282 3696 absque
1296 3577 1509 3670 molendino
1525 3581 1726 3670 sustentari
1740 3607 1816 3667 non
1832 3591 1993 3698 poterat,

361 3691 535 3783 domiuus
561 3693 777 3811 Stephanus
802 3693 1030 3786 venerabilis
1062 3699 1289 3784 0555555555
1318 3701 1522 3814 episcopus
1547 3696 1700 3788 contulit
1719 3696 1789 3816 ipsi
1809 3694 1992 3786 molendi-

361 3838 449 3898 num
471 3809 508 3900 in
527 3816 686 3916 Queteev
700 3807 767 3923 (ὅ),
787 3811 891 3927 quod
911 3811 1037 3900 adhuc
1058 3811 1155 3902 idem
1170 3813 1342 3930 possidet
1355 3815 1633 3920 monasterium,
1655 3830 1692 3907 et
1711 3815 1855 3932 recepit
1868 3811 1993 3900 villam

364 3931 524 4016 01151515
551 3958 635 4018 cum
665 3929 745 4016 suis
771 3929 1009 4046 pertinenciis
1035 3931 1363 4048 supranominatis.
1417 3931 1545 4044 Quem
1571 3933 1655 4050 ipse
1673 3960 1722 4020 55
1741 3959 1993 4020 successores

361 4045 441 4132 eius
463 4044 645 4134 hactenus
665 4047 839 4164 exigente
860 4047 1004 4135 iusticia
1025 4049 1253 4166 quietissime
1274 4046 1535 4166 possederunt

464 4258 505 4345 (¹)
533 4259 672 4328 Etabule
687 4258 857 4326 authentica
879 4259 1043 4328 1555515155
1062 4261 1207 4330 ecclesiae
1227 4261 1468 4328 Vladislaviensis
1489 4267 1644 4328 reseruata
1664 4259 1857 4346 descriptum.
1889 4261 1992 4330 Unum

361 4351 478 4410 1551555
501 4343 631 4429 sigillum
656 4364 822 4429 appensum
847 4343 916 4409 huic
939 4344 1059 4411 tabulae
1080 4343 1212 4412 funiculo
1233 4345 1330 4412 sarion
1351 4343 1452 4412 viridis
1477 4343 1597 4412 515551
1618 4343 1806 4430 colorisjem
1828 4343 1990 4415 admodum

362 4425 488 4504 laesum,
502 4435 711 4514 repraesentat
726 4427 821 4492 rirum
837 4448 917 4512 equo
931 4427 1119 4504 insidentem,
1135 4449 1152 4494 a
1167 4429 1272 4494 dextro
1286 4427 1325 4494 55
1338 4429 1491 4496 5151515555
1505 4435 1621 4516 purtem
1634 4427 1723 4516 sigilli
1737 4449 1923 4496 5555555555

439 4595 446 4610 .
463 4511 503 4595 (²)
538 4509 690 4597 Ottloczyn
700 4511 771 4612 uilla
786 4511 927 4608 territorii
940 4511 1173 4598 Kwidzpnensis
1186 4513 1318 4600 regionis
1332 4533 1404 4582 reru
1418 4511 1619 4592 Turonensis,
1640 4511 1850 4596 151551555155
1859 4535 1993 4601 pue-eum

364 4593 885 4778 macml'kldltllildllilldlrdllidpis
899 4681 1091 4779 Jomuansia
1232 4763 1239 4778 .
1298 4763 1305 4779 .
1384 4764 1392 4780 .
1666 4767 1673 4781 1
1731 4765 1739 4781 .

477 4765 490 4804 ⁴
532 4761 635 4830 155555
649 4761 802 4828 Lemno
815 4763 885 4830 mlle
898 4787 928 4830 55
943 4771 1094 4832 1555515555
1109 4765 1315 4842 Ρ5555555555,
1328 4785 1453 4852 regione
1467 4787 1539 4834 reru
1553 4763 1739 4834 0515555555
1753 4765 1820 4834 site.

494 4843 503 4928 l
533 4845 635 4914 155555
649 4845 860 4914 Kwieee'ezcwo
874 4869 943 4934 opp.
957 4847 995 4914 55
1009 4848 1161 4917 Noteciarn
1176 4869 1238 4935 reg.
1251 4846 1457 4936 Mogilneusis.
