4926 5940
1123 733 1166 748 ·-
1221 692 1297 772 414
1352 737 1411 778 --.

443 913 483 988 e
501 895 692 988 summ
711 895 899 1012 mirum,
915 841 1120 986 narsae
1135 897 1229 1010 (aa),
1245 873 1470 1003 asaneus,
1489 911 1528 984 a
1547 891 1632 1012 nes
1652 895 1818 1014 proauus
1833 896 1911 988 aaa
1931 897 2069 1021 ugus,

445 1015 617 1106 fidelibus
636 1014 794 1105 dilectis.
834 1014 972 1104 Datum
993 1045 1063 1132 per
1084 1045 1217 1104 manus
1237 1014 1502 1104 venerabilium
1517 1014 1703 1104 lobannis
1719 1014 1873 1136 decani,
1885 1017 2074 1106 cancella·

444 1136 507 1252 rij,
538 1149 577 1222 ct
596 1132 773 1222 Stanislai
803 1133 947 1222 Caelek
973 1133 1139 1222 cantoris
1169 1134 1445 1236 cracouiensis,
1476 1131 1646 1222 custodis
1683 1137 1914 1254 gneznensis
1950 1136 2075 1226 ecele-

319 1285 323 1292 ·
446 1253 602 1352 siarum,
633 1250 931 1370 vicecancellarij
952 1250 1081 1370 Regni
1101 1251 1284 1357 Palania,
1314 1252 1464 1342 sirrccre
1483 1251 1595 1340 nobis
1615 1250 1849 1342 dilectorum.

547 1433 609 1523 Ad
630 1435 857 1525 relacionem
879 1435 1103 1526 venerabilis
1119 1436 1295 1525 Stanislai
1318 1435 1472 1544 Czolelr,
1494 1434 1664 1524 custodis
1685 1439 1927 1557 gneznensis,
1947 1435 2075 1558 Regni
2135 1439 2140 1448 '

448 1553 608 1643 Polonie
630 1555 941 1673 vicecancellarij.
1531 1583 1536 1604 ¹

1080 1966 1084 1974 »
1105 1879 1423 2001 ccccxxiii.

475 2111 547 2194 ra
563 2109 705 2195 eruo
729 2109 1185 2218 armemanensis,
1210 2131 1263 2196 a
1282 2109 1431 2196 ιω
1448 2107 1501 2194 a.
1516 2107 1595 2198 as
1611 2129 1681 2239 ae
1700 2109 2054 2212 septembres.

451 2309 761 2386 wladislaus
783 2311 851 2387 lter
874 2311 1019 2386 Patarico
1040 2313 1291 2387 numeratum
1310 2311 1426 2386 nauta
1437 2311 1557 2386 linctu
1571 2311 1611 2386 to
1626 2311 1820 2402 flammae,
1839 2309 1988 2387 ottenb
2000 2311 2081 2390 ttlln

839 2412 929 2506 reue
946 2413 1094 2504 Czotptao
1106 2411 1331 2508 purpurante
1344 2430 1468 2492 mareu
1481 2412 1627 2490 munit
1640 2413 1691 2500 (¹).

555 2601 811 2718 wladislaus,
841 2601 903 2690 dei
923 2603 1056 2724 gracia
1083 2603 1172 2692 Rex
1198 2603 1384 2711 Polonie,
1409 2603 1693 2715 Lithwanieque
1720 2603 1899 2722 princeps
1919 2631 2078 2721 suppra·

416 2829 419 2844 Ι
452 2751 539 2810 mos
560 2737 596 2810 et
615 2722 728 2810 heres
747 2721 889 2811 Russie
910 2735 996 2828 etc,
1027 2723 1285 2842 significamus
1321 2739 1453 2812 tenore
1484 2722 1723 2840 presencium
1759 2722 1895 2841 quibus
1926 2717 2080 2838 expedit

452 2839 641 2926 voiuersis
660 2853 735 2926 tam
757 2840 995 2958 presentibus
1016 2869 1126 2958 quam
1148 2841 1293 2928 lutturis
1317 2842 1416 2948 (sic),
1434 2839 1610 2928 noticiam
1632 2839 1870 2956 presencium
1887 2837 2078 2926 habituris:

454 2955 665 3072 Quomodo
686 2955 970 3076 perpendentes..
985 2973 1098 3079 grata
1126 2957 1314 3046 fidelitatis
1344 2957 1517 3048 studiosa
1553 2957 1739 3078 obsequia
1769 2973 1808 3047 et
1826 2955 2081 3076 multiplicium

453 3075 670 3192 meritorum
691 3071 971 3179 constanciam,
1003 3075 1138 3195 quibus
1158 3077 1292 3164 nobilis
1311 3073 1494 3166 Nicolaus
1516 3073 1565 3163 de
1584 3080 1829 3192 Koszemyoo,
1852 3090 1984 3164 noster
2002 3076 2078 3162 sin·

454 3221 543 3281 cere
563 3191 730 3314 dilectus,
748 3191 857 3290 nobis
874 3193 1110 3313 complacuit,
1131 3204 1169 3282 et
1183 3195 1220 3282 in
1236 3211 1429 3312 posterum
1445 3195 1593 3314 poterit,
1607 3206 1722 3283 aucto
1742 3193 1981 3319 prestanoius
2002 3207 2081 3281 stu·

456 3310 531 3416 dio,
554 3305 810 3432 complacere:
830 3309 976 3400 Horum
997 3313 1125 3400 intuitu
1145 3312 1317 3400 volentes
1337 3314 1458 3430 ipsum
1480 3313 1697 3434 graciarum
1718 3328 1930 3401 nostrarum
1950 3339 2082 3430 prose

456 3429 519 3547 qui
540 3431 749 3530 fauoribus,
771 3443 809 3518 et
828 3427 879 3516 ad
898 3445 1029 3519 nostra
1050 3431 1233 3542 obsequia
1254 3429 1416 3519 reddere
1437 3431 1734 3550 promocionem,
1762 3431 1833 3518 sibi
1853 3431 1891 3518 in
1910 3442 1948 3516 et
1967 3457 2084 3546 super

455 3547 541 3633 villa
562 3563 692 3635 nostra
716 3553 913 3662 Czotpyno,
936 3550 971 3636 in
993 3548 1162 3638 districtu
1187 3547 1485 3638 Radzeowiensi
1509 3549 1600 3654 sita,
1632 3548 1902 3669 quinquaginta
1932 3575 2084 3634 marcas

455 3663 630 3752 monetha
650 3679 688 3752 et
707 3668 850 3753 numeri
870 3667 1144 3782 polonicaliunr,
1164 3665 1340 3755 videlicet
1359 3665 1613 3787 quadraginta
1634 3681 1723 3755 octo
1742 3693 1906 3786 grossos
1926 3665 1965 3752 in
1984 3694 2091 3768 mar·¹

457 3809 542 3870 carn
566 3781 768 3899 quamlibet
786 3783 1031 3888 numerando,
1053 3782 1206 3890 damus,
1237 3783 1439 3884 donamus,
1468 3784 1710 3886 conserimus,
1742 3783 1978 3872 inscribimus
1997 3811 2083 3898 pre·

456 3899 625 3988 sentibus
666 3915 703 3988 et
734 3900 915 4019 largimur
949 3902 1128 4020 graciose
1152 3899 1382 4012 tenendam,
1427 3899 1661 4005 habendam,
1701 3898 1960 4002 utilruendam,
1992 3929 2080 3988 cunr

455 4017 630 4108 *omnibus
650 4031 688 4107 et
708 4017 866 4140 singulis
887 4019 967 4108 eins
988 4017 1218 4128 utilitatibus,
1250 4019 1448 4127 censibuS,
1470 4020 1733 4140 mouentibus,
1763 4016 1966 4125 reditibus,
1996 4046 2081 4138 per·
2105 4033 2111 4048 '

560 4319 601 4402 (¹)
628 4321 674 4388 Ex
688 4319 848 4406 archetypo
862 4321 1094 4390 mambranaceo
1118 4321 1326 4390 Varsavienais
1350 4321 1489 4389 tabularii
1514 4321 1624 4410 publici
1637 4321 1737 4408 Regni
1750 4319 1906 4387 l’oloniae.
1934 4317 2084 4404 Sigillum,

459 4403 576 4470 madiae
589 4403 705 4472 formae
718 4427 736 4472 a
758 4425 885 4490 pensum
902 4404 1032 4472 martiolo
1047 4425 1237 4492 pergamena,
1252 4403 1380 4475 divisum
1395 4413 1442 4472 est
1456 4405 1485 4471 in
1500 4413 1629 4494 quatuor
1643 4426 1776 4492 campos,
1796 4425 1925 4492 qrromnnr
1948 4403 2086 4489 superior

460 4497 574 4571 aparte
588 4489 692 4556 dextra
707 4513 743 4557 or
767 4489 828 4555 'bet
841 4490 987 4576 aquilam,
1015 4511 1033 4555 a
1048 4501 1133 4576 parta
1146 4491 1265 4556 sinistra
1280 4491 1412 4578 equitem
1428 4491 1618 4569 lituanicum,
1639 4490 1729 4574 vulgo
1736 4497 1843 4588 poport
1857 4489 1984 4566 dicttrm,
2005 4484 2084 4554 inlc-

458 4570 522 4635 rior
535 4592 607 4638 vcro
621 4593 745 4658 campus
760 4595 778 4640 a
792 4581 878 4654 parto
898 4574 1003 4640 dextra
1029 4575 1150 4642 exbibet
1173 4582 1263 4660 eaput
1276 4575 1372 4650 tauri,
1394 4595 1412 4640 a
1426 4573 1510 4642 laeva
1524 4583 1627 4641 autam
1640 4573 1798 4640 dimidium
1813 4572 1934 4639 leonem
1947 4591 1986 4640 nc
1998 4569 2084 4639 dimi·

460 4653 540 4720 diam
555 4655 698 4740 nutritam.
729 4657 886 4742 Inscriptio
902 4660 933 4724 in
948 4659 1062 4725 ambitu
1076 4657 1164 4759 sigilli
1177 4659 1252 4725 baec
1264 4658 1387 4744 legitur:
1412 4659 1579 4734 ‚uindicta
1593 4660 1644 4725 dai
1653 4679 1722 4744 pro
1737 4679 1795 4724 rec
1805 4657 1927 4744 paloaria
1937 4655 2087 4740 limem

454 4759 654 4892 mamad
665 4741 727 4892 ii?
735 4739 992 4913 ffixfapngass
992 4763 1139 4894 procerae.
1155 4741 1299 4831 Ejusdem
1312 4763 1437 4831 prorsus
1450 4745 1619 4830 mgumeoti
1633 4751 1680 4810 eat
1693 4741 1794 4809 tabrrla
1809 4741 1881 4808 nuni
1900 4737 1993 4824 1418,
2007 4759 2086 4824 quae
