4876 5940
927 783 1276 858 .-tst-

341 983 475 1072 decem
507 983 643 1068 marcis
675 980 914 1069 denariorum
946 995 985 1070 et
1010 999 1160 1091 monete
1190 985 1461 1074 Thcrunensis.
1520 985 1724 1092 Volentes,
1756 1001 1795 1073 ut
1823 981 1982 1104 predicti
2015 1051 2024 1066 .

343 1103 488 1209 Abbas,
520 1116 729 1190 conventus
751 1115 788 1186 et
808 1103 1073 1190 monasterium
1095 1103 1249 1192 easdem
1273 1103 1516 1208 hereditates,
1548 1105 1654 1192 villas
1675 1135 1743 1191 seu
1764 1105 1981 1222 possessio·

343 1253 432 1328 nes,
464 1251 549 1308 cum
570 1221 670 1307 omni
684 1221 771 1338 jore
791 1219 969 1328 ducatus,
1001 1223 1097 1309 sicut
1117 1251 1187 1309 nos
1209 1222 1365 1310 easdem
1396 1223 1635 1328 tenebamus,
1666 1223 1842 1310 videlicet
1862 1223 1980 1340 agris,

341 1341 573 1445 nemoribus,
604 1339 808 1444 melliliciis,
838 1340 964 1458 pratis,
985 1341 1105 1460 aquiS,
1126 1342 1359 1446 molendinis
1380 1342 1557 1446 lacubus,
1589 1342 1886 1460 piscacionibus,
1918 1370 1981 1426 ve-

344 1459 580 1562 nacionibus,
610 1473 647 1544 et
668 1457 841 1544 omnibus
862 1488 910 1544 ac
930 1460 1089 1576 singuiis
1110 1459 1190 1548 aliis
1212 1461 1409 1564 lructibus,
1431 1461 1662 1574 utilitatibus,
1685 1477 1722 1548 et
1742 1459 1981 1578 pertinenciis

342 1579 432 1682 suis,
462 1592 574 1696 prout
595 1577 676 1692 ipse
697 1577 937 1684 hereditates,
958 1577 1044 1666 ville
1064 1609 1132 1666 seu
1153 1581 1422 1696 possessiones
1433 1580 1479 1666 ‘in
1502 1582 1580 1668 suis
1602 1581 1708 1668 metis
1727 1610 1794 1668 seu
1816 1577 1981 1666 terminis

343 1695 735 1784 circumferencialiter
754 1697 956 1814 antiquitus
977 1711 1062 1783 sunt
1083 1697 1272 1802 distincte,
1304 1695 1462 1800 babere,
1484 1713 1613 1786 tenere
1633 1697 1812 1802 debeant,
1833 1725 1880 1784 ac
1894 1697 1982 1813 jure
2018 1779 2024 1787 .

343 1813 569 1903 hereditario
590 1830 774 1930 perpetuo
795 1815 911 1900 libere
927 1814 1138 1932 possidere.
1177 1815 1370 1928 Adicimus
1390 1817 1553 1934 insuper,
1576 1815 1679 1936 quod
1699 1815 1853 1903 easdem
1875 1815 1982 1900 bere-

342 1933 497 2038 ditotes,
523 1931 631 2018 villas
653 1962 719 2018 seu
743 1935 1010 2050 possessiones
1032 1933 1159 2022 lucore
1180 1935 1328 2052 possint
1341 1934 1429 2050 jure
1455 1935 1693 2024 Theotcnicc·
1711 1934 1792 2046 (sic)
1815 1927 1980 2050 Mayde·

342 2052 537 2169 burgensi,
559 2065 597 2138 et
613 2050 714 2169 quod
732 2051 913 2156 homines,
935 2053 997 2169 qui
1019 2053 1055 2140 in
1076 2051 1219 2140 eisdem
1237 2053 1331 2142 villis
1353 2051 1587 2156 locabuntur,
1609 2081 1685 2140 non
1706 2053 1854 2169 possint
1875 2049 1982 2138 citari

334 2169 393 2257 -ad
415 2170 650 2286 presenciam
672 2184 856 2274 nostram,
884 2201 955 2258 nac
968 2170 1131 2288 judicari
1152 2201 1281 2260 coram
1304 2171 1413 2260 nobis
1433 2189 1498 2260 aut
1512 2171 1702 2289 judicibus
1723 2172 1881 2274 nostris,
1910 2165 1980 2256 sed

343 2317 473 2374 coram
490 2288 660 2404 predicto
676 2288 836 2390 Abbate,
858 2305 923 2376 aut
942 2319 1173 2378 successore
1193 2293 1287 2406 ejus,
1308 2290 1367 2376 vel
1390 2291 1532 2383 vicario
1554 2293 1731 2408 ipsorum,
1752 2291 1787 2376 in
1809 2287 1982 2376 erunibus

344 2406 471 2493 causis
493 2407 642 2523 magnis
664 2423 700 2492 et
721 2409 869 2523 parvis,
902 2408 1089 2512 civilibus,
1122 2408 1375 2494 criminalibus
1406 2422 1444 2494 et
1464 2411 1688 2526 pecuniariis
1714 2408 1926 2494 citabuntur
1946 2417 1983 2492 et

337 2519 561 2642 judicabunt
582 2525 651 2629 [ur]
675 2525 762 2640 jure
789 2555 861 2610 suo
891 2523 1215 2641 lllaydeburgensi
1244 2524 1482 2641 supradicto;
1514 2526 1719 2644 tollentque
1739 2526 1809 2643 ipsi
1836 2524 2006 2630 Abbas,
2125 2631 2127 2636 Α

344 2641 403 2730 vel
425 2643 507 2759 ejus
528 2643 693 2730 vicarius
714 2642 837 2728 omnia
859 2657 894 2728 et
916 2643 1085 2760 singula,
1113 2673 1186 2761 que
1208 2642 1257 2728 de
1271 2643 1424 2758 judiciis
1445 2644 1481 2728 in
1502 2645 1609 2759 penis
1629 2643 1854 2760 pecuniariis
1874 2656 1981 2758 pota·
2068 2645 2073 2650 ’

344 2772 430 2847 runt
449 2762 612 2848 evenire.
664 2759 754 2846 ltem
778 2758 934 2846 eosdem
955 2759 1125 2847 homines
1145 2760 1195 2847 ab
1216 2761 1389 2848 omnibus
1410 2760 1735 2878 expedicionibus,
1764 2758 1982 2846 edificacio·
2082 2801 2096 2812 ’

347 2909 395 2964 ne
417 2891 649 2984 castrorum,
680 2879 867 2966 civitatum
895 2891 931 2964 et
953 2879 1147 2994 poncium,
1177 2879 1455 2984 solucionibus,
1474 2879 1675 2983 collectis,
1708 2876 1981 2980 exactionibus,
2064 2961 2068 2969 .

345 2995 608 3114 peticionibus,
641 2996 816 3100 vecturis,
838 2998 1016 3114 angariis,
1037 2999 1273 3117 perangariis
1294 3011 1331 3086 et
1352 2996 1577 3118 quibuslibet
1596 2997 1678 3084 aliis
1698 2995 1869 3084 serviciis
1883 2996 1982 3113 juris
2043 3032 2079 3111 ··
2127 2999 2142 3032 ‘

346 3115 507 3230 polonici
528 3131 566 3203 et
585 3115 848 3220 Theotbonici,
880 3145 1118 3232 quocumque
1138 3117 1288 3204 nomine
1308 3131 1551 3219 censeantur,
1577 3115 1735 3202 iacimus
1755 3114 1915 3219 liberos,
1945 3129 1983 3200 et
2036 3119 2064 3196 ἰ

346 3263 434 3322 esse
466 3233 639 3323 volumus
671 3249 852 3350 perpetuo
879 3234 1088 3322 absolutos.
1142 3234 1395 3321 Promittimus
1422 3237 1576 3352 insuper
1604 3233 1746 3321 eisdem
1779 3231 1917 3320 Abbati
1945 3247 1983 3320 et

346 3353 564 3454 conventui,
593 3383 639 3438 ex
661 3369 774 3468 pacto
795 3351 966 3468 speciali,
989 3380 1059 3470 pro
1081 3352 1190 3440 nobis
1211 3369 1249 3442 et
1268 3355 1409 3442 nostris
1429 3352 1732 3456 successoribus,
1753 3349 1855 3469 quud
1878 3351 2004 3470 ipsas
2153 3381 2159 3393 ·

347 3470 593 3576 hereditates,
623 3471 732 3557 villas
762 3501 831 3558 seu
857 3471 1143 3588 possessiones,
1174 3500 1365 3589 nunquam
1384 3469 1570 3560 redimere
1590 3483 1655 3558 aut
1674 3469 1981 3588 liberare'possi-

209 3589 215 3600 '
348 3617 431 3675 mus
449 3588 574 3707 eliqua
595 3591 766 3704 pecunia,
786 3590 856 3676 sed
877 3591 947 3707 ipsi
967 3589 1123 3678 easdem
1145 3589 1309 3682 debeant
1330 3605 1524 3708 perpetuo,
1545 3604 1656 3704 prout
1673 3589 1897 3709 premissum
1913 3603 1981 3691 est,

346 3705 463 3794 libere
496 3707 706 3824 possidere.
766 3705 809 3794 ln
845 3737 1003 3826 quorum
1039 3709 1201 3795 omnium
1239 3709 1487 3799 testinnonium
1523 3722 1561 3796 et
1595 3708 1713 3796 robor
1747 3721 1980 3826 perpetuum,

346 3840 546 3943 presentes
576 3825 718 3914 litteras
748 3827 954 3945 sigillorum
985 3840 1199 3915 nostrorum
1226 3829 1478 3944 appensione,
1509 3825 1768 3914 mandavimus
1796 3825 1980 3912 roborari.

347 3943 483 4032 Actum
514 3949 745 4032 Wtcdr'staeia
773 3947 810 4032 in
831 3959 959 4034 castro
979 3959 1130 4049 nostro,
1162 3945 1232 4032 Vl⁰
1254 3945 1450 4033 Kalendas
1477 3945 1659 4063 Augusti,
1690 3944 1803 4028 Anno
1832 3941 1981 4028 Domini
2136 4021 2141 4042 ,

347 4057 545 4150 Millasimc
577 4061 695 4147 CCC⁰
722 4065 902 4179 septimo,
937 4063 1177 4180 presentibus
1208 4063 1387 4150 dominis:
1423 4061 1627 4150 Bartbosio
1665 4059 1981 4163 Wlodislaviensi,

347 4179 520 4268 lubanne
540 4177 854 4296 Wisegrodensi,
885 4181 1041 4268 Andrea
1069 4181 1118 4266 de
1147 4185 1305 4267 Stonseo
1338 4181 1579 4284 Castellanis,
1612 4177 1824 4297 Sudivcgic
1839 4175 1981 4295 judice,
2087 4269 2101 4308 ᾖ

348 4295 519 4386 Vneslau
548 4295 831 4385 subcamerario
861 4311 900 4384 et
928 4297 1116 4385 Michaele
1141 4297 1243 4387 dicto
1266 4297 1316 4386 W
1320 4297 1539 4416 eneicobyla
1559 4296 1732 4384 militibus
1760 4311 1802 4382 et
1820 4295 1980 4383 servitu·
2065 4323 2086 4378 r·

347 4416 452 4504 ribus
483 4417 633 4504 nostris.
684 4410 822 4502 Datum
853 4447 921 4532 per
950 4445 1100 4502 manum
1137 4415 1312 4535 Magistri
1347 4417 1450 4504 Petri
1485 4415 1644 4504 Plebani
1674 4413 1724 4504 de
1757 4419 1978 4515 θπευσουία,
2063 4406 2066 4416 ’

270 4603 283 4618 .
349 4533 543 4653 Capellani
563 4549 600 4622 et
620 4532 905 4622 subcancellarii
926 4533 1028 4622 curie
1048 4549 1190 4640 nostre.
1800 4583 1804 4593 ·
