4896 5926
1050 633 1299 706 ..57-

360 835 555 954 legitimis,
584 833 773 920 hominum
801 831 948 920 actibus
979 833 1177 920 consueuit
1206 832 1417 950 calumpnia
1446 831 1665 938 nouercari,
1694 832 1764 919 nisi
1795 831 1996 923 litteramm

328 953 572 1065 ‚testimonio
605 951 664 1038 uel
699 951 844 1039 testium
876 952 1161 1068 subscripcione
1194 949 1352 1038 lucidius
1383 949 1619 1036 roborentur.
1670 947 1856 1043 Noueri'nt
1885 953 1998 1070 igitur

359 1071 524 1158 uniuersi
556 1085 630 1156 lum
661 1081 878 1186 presentes,
916 1083 991 1154 tum
1027 1070 1135 1155 loturi
1171 1069 1270 1154 hanc
1306 1069 1484 1186 paginam
1517 1069 1742 1185 inspecturi:
1784 1067 1888 1186 quud
1923 1097 1996 1156 nos

359 1188 573 1276 Kazimirus
603 1185 663 1272 dei
690 1187 823 1302 gracia
850 1185 926 1272 dux
957 1183 1159 1292 Lancbicie
1189 1199 1226 1275 et
1257 1184 1432 1288 Cuiauie,
1461 1183 1510 1272 ad
1541 1197 1678 1304 pr‘eces
1712 1199 1749 1272 et
1776 1188 1997 1281 instanciam
2126 1203 2132 1210 “

359 1305 585 1396 venerabilis
606 1305 723 1420 patris
744 1303 882 1392 domini
902 1303 1087 1392 Wolimiri
1109 1317 1241 1391 sancte
1256 1301 1589 1394 Wlodizlauiensis
1610 1301 1783 1390 Ecclesia
1802 1303 1997 1424 Episcopi,

359 1424 395 1510 iu
422 1437 637 1510 nostrorum
667 1423 925 1508 remissionem
953 1435 1215 1538 peccatorum,
1246 1419 1367 1508 eidem
1394 1419 1569 1508 Ecclesie
1596 1423 1781 1509 ciuitatem
1813 1421 1996 1512 theutoni-

360 1535 479 1629 oelem
516 1540 652 1627 ibidem
688 1557 834 1657 sylam,
870 1556 906 1627 et
936 1539 1186 1626 molendinum
1221 1541 1378 1628 vicinius
1414 1541 1552 1626 ciuitati
1581 1569 1698 1658 super
1727 1539 1899 1644 lluuium,
1933 1543 1995 1660 qui

359 1663 572 1773 Spoaentlco
593 1656 647 1770 (2)
683 1675 863 1764 uocatur,
899 1673 1153 1746 constructum
1190 1659 1412 1744 contulimus
1447 1687 1532 1743 cum
1564 1658 1736 1746 omnibus
1770 1659 1995 1766 utilitatibus,

359 1775 569 1892 attinencijs
590 1791 627 1864 et
647 1777 787 1864 iuribus
808 1777 844 1862 in
865 1789 1084 1894 perpetuum
1105 1775 1218 1896 pleno
1239 1778 1330 1881 iure,
1357 1775 1562 1863 adicientes
1583 1791 1755 1864 castores
1778 1778 1813 1862 in
1835 1790 1997 1896 utroque

358 1895 472 1984 lluuio
502 1901 618 1982 ll'e'zlo
639 1894 811 1982 uidelicet
831 1907 869 1980 et
888 1898 1112 2006 Spouentta,
1138 1895 1231 1981 inira
1253 1895 1430 1981 terminos
1451 1891 1626 1982 Ecclesia
1648 1926 1719 1982 nec
1739 1926 1816 1982 non
1837 1895 1997 1982 ciuitatis

359 2027 573 2132 prenotate:
603 2012 711 2100 salua
738 2027 862 2100 tamen
894 2011 1100 2100 hereditate
1129 2011 1317 2102 bominum
1347 2028 1563 2100 nostrorum
1593 2013 1730 2100 ibidem
1757 2011 1998 2130 degencium,

361 2132 423 2250 qui
443 2129 641 2248 wlgariter
659 2127 932 2246 Corotnicy(³)
954 2161 1076 2217 nuncu
1106 2145 1225 2218 antur.
1261 2131 1495 2219 Contulimus
1517 2132 1681 2248 insuper,
1701 2130 1751 2217 ad
1772 2132 1997 2248 peticionem

359 2249 564 2367 supradicti
595 2253 731 2366 patris,
766 2249 914 2336 duabus
948 2249 1042 2335 uillis
1077 2162 1269 2336 beateae:
1312 2255 1437 2337 tltnzu
1466 2249 1607 2336 scilicet
1643 2265 1681 2337 et
1710 2255 1913 2362 Lopucynu
1934 2247 1996 2360 (⁴)

274 2408 277 2416 ¹
358 2367 508 2484 plenum
529 2367 590 2452 ius·
616 2370 650 2454 in
673 2367 844 2474 omnibus
866 2366 1209 2476 the(utonicorum):
1239 2383 1424 2482 ponentes
1446 2369 1480 2452 in
1503 2369 1656 2453 arbitrio
1678 2399 1746 2454 sue
1768 2368 1996 2478 volluntatis,

359 2485 442 2574 sive
469 2485 620 2594 civitati)
652 2485 712 2571 tali
742 2484 937 2600 sepedicta
965 2485 1234 2602 agriculturam
1264 2485 1382 2570 ineis
1412 2485 1618 2588 adiciendi,
1649 2515 1716 2571 seu
1748 2516 1815 2602 per
1844 2517 1888 2574 se
1917 2487 1997 2572 iure

359 2601 617 2714 (theutonico)
640 2601 854 2718 populandi:
875 2600 983 2686 nichil
1006 2602 1093 2686 iuris
1111 2603 1234 2711 (nobis
1251 2601 1484 2715 excipiendo.
1515 2601 1567 2688 Ut
1582 2602 1719 2710 autem)
1741 2603 1812 2689 hec
1832 2603 1996 2690 donacio

362 2719 565 2836 solempnis
601 2751 669 2836 per
699 2750 770 2806 nos
799 2721 899 2806 lacta
934 2721 1050 2803 robur
1085 2733 1265 2836 perpetue
1301 2718 1527 2829 (firmitaltis
1563 2717 1747 2821 obtineat,
1782 2733 1995 2834 presentem

360 2840 538 3042 paginam
570 2839 618 2948 (in
651 2838 757 2924 buius
789 2837 841 2922 rei
865 2835 1124 2946 testilmonium
1147 2849 1279 2923 nostro
1309 2851 1347 2924 et
1375 2835 1639 2922 venerabilium
1662 2849 1828 2950 patrum:
1858 2835 1996 2924 domini

397 2955 542 3042 ulconis
565 2954 800 3042 Gneznensis
822 2953 1105 3072 Archiepiscopi
1127 2967 1165 3042 et
1182 2952 1366 3041 Wolimiri
1388 2953 1632 3050 Cuialviensis
1653 2953 1844 3072 Episcopi)
1866 2954 1997 3072 sigillis

362 3072 536 3160 duximus
557 3073 823 3160 roborandam.
874 3072 973 3160 Acta
994 3087 1117 3158 autem
1139 3087 1225 3159 sunt
1243 3072 1316 3158 beo
1342 3075 1378 3159 in
1408 3075 1606 3185 Crcmpsco
1623 3069 1676 3180 (³)
1703 3076 1740 3158 in
1761 3071 1821 3158 die
1842 3071 1997 3162 dedica-

251 3249 256 3261 ·
361 3194 480 3280 cionis
494 3190 684 3278 'Ecclesia
700 3187 762 3296 (θ),
791 3221 893 3278 anno
914 3191 1045 3310 gracie
1064 3190 1118 3276 Μ.
1143 3189 1192 3277 C⁰
1212 3192 1260 3277 (3⁰
1281 3191 1594 3311 quinquagesimo
1616 3192 1755 3310 quinto,
1786 3189 1996 3280 indiccione

360 3311 476 3398 tercia
498 3309 655 3396 decima.
688 3310 943 3397 presentibus:
966 3309 1136 3426 predicto
1157 3307 1500 3410 dominoFulcone
1516 3307 1830 3428 Arcbiepiscopo,
1852 3309 2016 3400 Gemite·

360 3427 542 3552 Bogussa
559 3429 722 3548 palatino
741 3428 908 3534 Cuiauie,
931 3427 1078 3516 Comite
1095 3425 1351 3546 Bogusa(sic)
1370 3427 1588 3516 Castellano
1607 3427 1826 3545 Crusuioye,
1849 3426 1995 3514 Comite

360 3754 511 3846 eupmoetz
532 3768 549 3812 a
564 3747 855 3846 lateribusejuedem
870 3747 957 3833 sigilli
973 3745 1156 3834 pendentm
1170 3747 1364 3848 alteraparte
1378 3747 1508 3834 sigdluru
1524 3745 1746 3846 archiepiscopi,
1761 3767 1800 3814 ex
1813 3747 1906 3812 altera
1920 3765 1993 3844 uero

361 3852 499 3918 episeopr.
518 3831 623 3914 ,Quae
638 3833 677 3897 ob
692 3853 783 3898 rumas
797 3831 929 3898 tabulam
945 3841 1077 3898 nostram
1093 3831 1244 3898 laedentes
1260 3833 1317 3918 lagu
1333 3854 1393 3897 non
1409 3839 1560 3918 poterant,
1582 3853 1619 3897 ea
1634 3853 1718 3896 unere
1734 3831 1847 3896 inclusa
1862 3829 1992 3915 exptevu

360 3935 429 3982 mue
443 3937 480 3984 ex
494 3923 697 4002 transsumpto
712 3915 846 4002 ejusdem
862 3917 966 4003 privile
988 3917 1007 3982 ii
1023 3939 1103 3983 anno
1122 3917 1204 3983 rato
1218 3917 1395 4002 conscripto.

461 4003 487 4082 (²
529 4001 742 4152 {pleromate
756 4002 836 4068 rivus
850 3941 1036 4088 praeterluit
1049 4001 1205 4078 Brestiam,
1226 4009 1258 4068 et
1271 4002 1362 4068 intrat
1375 4000 1523 4066 vistulam
1534 3999 1617 4098 baud
1633 3999 1769 4096 procula
1787 3996 1993 4097 Wludisluria.

462 4087 487 4170 (³
574 4086 696 4184 ‘iisdem
711 4087 881 4154 bominibus
891 4087 957 4154 sine
968 4086 1068 4164 dubio,
1079 4086 1147 4152 uilla
1162 4107 1254 4174 quam
1265 4084 1652 4152 inhabitnothadrslauae
1664 4102 1808 4168 proxuma,
1820 4081 1995 4148 Kamani

360 4179 640 4337 nomel⁴lfflll⁷slllzu
653 4253 763 4340 (forsan
786 4252 923 4337 Wiem'ec)
937 4253 1005 4318 uilla
1019 4253 1195 4353 parochialis
1209 4254 1258 4320 rix
1271 4275 1334 4320 uno
1349 4250 1488 4318 milliario
1502 4273 1519 4316 a
1532 4249 1728 4316 Wladislaria
1742 4249 1863 4316 distans
1881 4249 1992 4318 Villam

360 4336 521 4436 hopcdno
543 4339 573 4404 in
595 4339 650 4406 bac
671 4339 823 4406 Brestensi
845 4359 907 4404 non
929 4339 1097 4404 invenimus
1118 4339 1256 4423 reginum
1280 4348 1326 4404 est
1346 4337 1469 4424 quidem
1484 4337 1551 4402 uilla
1566 4335 1701 4421 Bopculci
1714 4335 1806 4412 dicta,
1833 4333 1993 4433 parochiae

360 4421 620 4499 Smreloricensis,
641 4423 772 4510 regionis
793 4423 937 4488 finitimae
958 4421 1160 4496 Coraliensis;
1181 4443 1283 4509 quarn,
1304 4443 1398 4509 quum
1413 4421 1530 4487 duobus
1544 4419 1589 4488 rel
1606 4419 1701 4486 tribus
1716 4417 1860 4484 mithrirs
1875 4440 1892 4484 a
1908 4417 1993 4484 wu-

361 4505 482 4574 dielario
497 4507 594 4582 distel,
610 4531 671 4574 uon
686 4508 772 4574 facilc
787 4529 865 4584 earn,
879 4507 918 4574 de
933 4528 992 4605 qua
1007 4507 1055 4572 bic
1069 4507 1176 4590 agitrrr,
1190 4527 1256 4572 esse
1271 4507 1471 4574 crederemus
1841 4586 1845 4594 Ι

461 4591 502 4676 (⁵1
530 4593 687 4658 Krnrmtco
702 4593 769 4658 uilla
784 4592 962 4678 parochialis
977 4591 1158 4686 Goninensis
1172 4591 1314 4657 territorii
1329 4591 1450 4689 regioni·
1503 4611 1529 4658 e
1638 4673 1645 4688 Ι
1858 4671 1865 4688 ι
1917 4671 1924 4686 ι
1968 4671 1975 4688 ι

461 4675 500 4761 (⁰)
526 4677 662 4744 Ecclesia
676 4677 851 4744 cathedralis
865 4675 1120 4743 wladislaviensis
1135 4683 1201 4742 rota
1216 4683 1281 4774 erat
1294 4609 1586 4761 aveginffiuiae.
1607 4675 1679 4740 Dies
1693 4673 1787 4742 aeus
1797 4671 1992 4740 dedrootrcnu

361 4759 504 4828 ecelesiae
519 4762 576 4828 erit
590 4763 693 4850 itaque
707 4761 833 4830 fortusse
847 4763 911 4830 dies
929 4762 968 4829 15
981 4761 1095 4830 mensis
1108 4765 1245 4848 Augusta.

476 4881 567 4932 Temos
578 4883 612 4935 11.
1783 4873 1801 4929 8

2080 2091 2092 2250 l
