4876 5940
1038 719 1306 799 -103-

354 938 523 1043 protum,
554 923 618 1042 qui
637 921 720 1036 (εἰσ)
741 907 902 1012 vocetur
921 951 1046 1036 conpr
1067 919 1150 1035 (εἰσ)
1171 925 1300 1036 velptp
1322 918 1405 1032 (εἰσ)
1425 919 1463 1008 in
1482 918 1632 1043 wlgari,
1653 932 1691 1006 et
1711 919 1796 1008 ville
1817 927 1993 1012 Poroton

355 1043 559 1162 contiguos
580 1038 655 1153 (ἰ),
685 1040 890 1128 venerabili
911 1041 1007 1157 petri
1027 1039 1179 1130 domino
1208 1038 1255 1127 G.
1280 1039 1442 1128 ecclesie
1463 1037 1776 1128 wladislouiensis
1797 1041 1991 1161 episcopo,¹

353 1189 434 1364 og,
455 1157 1747 1388 ((3ῗίἰίἰὲσί’ἰίεἰίἰθίἰίΐίἓίἰίἰἓῗίἰἰίἰίἒέἰείἰἮ
1766 1187 1992 1366 ἓίἱίἰίἓίζ

353 1307 543 1484 ἰίσιίἰίσσω
570 1398 791 1514 episcopum
819 1308 1024 1500 bibendos,
1056 1423 1142 1482 oum
1163 1395 1336 1484 omnibus
1355 1307 1537 1482 lrrlctibus
1556 1305 1990 1514 ogrorulnpeorumdem

354 1513 418 1600 toli
436 1527 570 1631 pecto:
603 1513 707 1630 quod
728 1511 880 1600 elidem
910 1511 1107 1630 Philippus
1136 1511 1231 1600 inlro
1262 1513 1386 1601 dictos
1415 1542 1485 1600 sex
1515 1541 1658 1616 conos,
1689 1540 1760 1627 pro
1780 1526 1990 1602 memorem

354 1633 513 1749 pecunie
543 1659 691 1720 summo
711 1659 834 1769 egros
855 1629 1012 1718 eosdem
1033 1659 1109 1718 non
1130 1627 1278 1716 duxerit
1296 1629 1560 1734 redimendos,
1590 1628 1765 1718 dominus
1786 1631 1991 1747 episcopus

355 1779 425 1842 sou
445 1776 695 1838 successores
715 1748 845 1866 rpsius,
863 1775 985 1864 egros
1005 1749 1111 1864 ipsos
1131 1763 1317 1864 perpetuo
1365 1745 1598 1835 ossidebunt.
1642 1743 1694 1834 Et
1713 1747 1745 1834 si
1765 1745 1991 1882 Phyllflffll

354 1866 426 1954 inm
447 1865 585 1954 dictum
607 1866 702 1954 inire
722 1865 952 1954 nominatum
986 1866 1206 1954 sexennium
1226 1775 1416 1954 deoeolbre
1437 1865 1685 1985 contingeret,
1716 1864 1853 1952 fratres
1873 1867 1992 1980 ipsius

354 1983 457 2100 opud
493 1981 682 2070 dominum
719 1983 849 2102 episoo
877 2014 937 2070 om
973 1996 1039 2070 out
1072 1983 1190 2100 ipsius
1221 2009 1486 2070 successorem
1516 2011 1638 2102 egros
1666 1980 1854 2070 redimere
1882 1995 1992 2099 pote·

354 2103 428 2188 rint
447 2099 531 2212 (sio)
552 2101 803 2220 supradictos.
848 2014 892 2188 lb
913 2101 1019 2190 ouius
1038 2103 1094 2188 rei
1115 2101 1363 2188 testimouium
1384 2114 1584 2216 presentes
1604 2099 1792 2188 conscribi
1814 2101 1992 2192 iussimus

355 2233 394 2306 et
412 2218 552 2306 roboro
580 2221 699 2307 nostri
719 2219 829 2339 sigilli
850 2220 1082 2308 communiri.
1134 2217 1272 2316 Dolum
1300 2224 1554 2318 Womitooie,
1585 2217 1756 2306 secundo
1784 2219 1877 2306 lerio
1896 2218 1993 2308 iolro

356 2332 554 2425 Octcuuos
566 2337 649 2450 (sic)
663 2337 919 2456 osumpcionis
928 2337 1012 2449 (εἰσ)
1027 2349 1159 2428 sonote
1173 2334 1308 2440 Morio,
1327 2364 1429 2424 cono
1444 2335 1583 2452 domioj
1601 2335 1658 2423 M⁰
1674 2336 1723 2423 (3⁰
1740 2336 1789 2423 C⁰
1807 2335 1855 2422 C⁰
1869 2335 1990 2424 Xlll⁰.

376 2702 383 2717 Ι
442 2617 497 2716 ,(Ἇ)
525 2617 717 2706 capientes·
737 2626 769 2686 et
788 2617 977 2696 Porollonio,
997 2616 1085 2685 rilloe
1100 2617 1242 2684 territorii
1262 2615 1503 2704 Byrlgostieoeis,
1523 2615 1656 2702 regionis
1675 2637 1749 2683 vero
1769 2615 1991 2684 Joniwlcdislo·

356 2721 474 2770 utonem

1084 2983 1259 3104 corut.

480 3268 1041 3372 oontmrooomorae,
1067 3291 1224 3360 omno
1249 3271 1393 3360 1314
1416 3291 1603 3360 menno
1627 3271 1861 3360 Martio.

353 3489 602 3564 Ymtslams
623 3493 719 3566 teror
741 3491 780 3564 to
801 3491 914 3566 storor
932 3490 1041 3566 ritlorn
1059 3491 1243 3562 cteozeoiee
1256 3509 1277 3566 ι
1290 3492 1426 3566 meum
1446 3492 1594 3586 tnjouee
1614 3492 1755 3566 tunore
1770 3495 1805 3566 ot
1818 3489 1986 3568 bomon

355 3591 417 3667 cn
431 3593 595 3682 tonsum,
617 3612 723 3668 coron
742 3593 856 3667 ttrton
874 3593 1009 3700 boolton
1036 3593 1204 3668 conventui
1226 3593 1444 3669 ttirtoroioorir
1466 3593 1583 3668 ortinb
1600 3593 1805 3686 torrentesut
1818 3593 1929 3668 rendit
1943 3593 1992 3680 (¹).

455 3831 499 3919 lo
528 3834 678 3920 nomine
707 3828 875 3941 Domini,
907 3834 1043 3922 Arnen.
1103 3829 1345 3936 Excellencio
1377 3849 1507 3921 nostre
1539 3833 1776 3952 ingenuitatis
1808 3833 1925 3950 exigit
1954 3845 1993 3916 et

355 3950 525 4070 requirit,
551 3965 591 4037 ut
610 3949 693 4064 illos
714 3953 973 4070 persequimur
989 3951 1071 4066 (εἰσ)
1092 3953 1246 4068 speoioli
1266 3953 1510 4072 prerogotiva
1531 3952 1663 4069 grecie
1684 3966 1722 4036 et
1740 3949 1908 4056 honoris,
1929 3953 1992 4068 qui

355 4097 400 4156 se
419 4067 531 4156 nobis
552 4069 721 4154 serviciis
741 4069 1000 4186 multiplicibus
1021 4067 1268 4184 multipliciter
1283 4067 1601 4156 recommendant
1630 4067 1750 4182 lpitur
1764 4093 1834 4151 nos
1849 4063 1990 4156 Lestco

355 4199 392 4273 et
414 4183 636 4273 Premislius
656 4185 793 4272 lretres
815 4201 852 4273 et
871 4185 990 4272 duces
1022 4185 1210 4300 Cuyovie‚
1242 4215 1314 4272 neo
1340 4214 1417 4274 non
1444 4183 1592 4271 Domini
1619 4181 1892 4270 Wledisslovie
1917 4182 1990 4270 Dei
2052 4279 2055 4287 Α

355 4303 509 4422 grecie,
545 4301 731 4388 intuentes
766 4301 891 4389 fidelia
925 4301 1085 4388 servicia
1121 4299 1277 4389 Ymislei
1312 4301 1465 4390 heredis
1501 4299 1550 4388 de
1584 4304 1735 4402 Stosov,
1774 4329 1848 4419 que
1880 4300 1991 4390 oobis

456 4581 495 4668 (¹)
522 4583 570 4650 Ex
583 4583 743 4671 orobetypo
757 4581 1005 4660 membroooceo,
1027 4581 1107 4670 quod
1128 4583 1158 4649 io
1172 4583 1322 4650 tobulnrr'o
1335 4582 1550 4651 Posooniensis
1564 4581 1736 4670 provinciae
1749 4583 1904 4670 privilegio
1918 4585 1990 4653 mb-
2115 4649 2118 4654 ,

353 4665 483 4734 lotorum
502 4668 719 4736 coenobiorum
739 4668 911 4734 continente
926 4674 1112 4745 ossoruotru,
1133 4667 1289 4754 descripsit
1306 4669 1494 4735 doctissimus
1516 4667 1736 4754 Sbooozyrlslri.
1772 4668 1851 4734 Huic
1865 4668 1988 4737 tubulos

353 4771 488 4838 oppeneo
502 4760 589 4830 oront
602 4753 664 4819 duo
677 4753 788 4838 sigillo,
805 4771 911 4818 eorum
927 4751 1055 4818 olterum
1070 4751 1240 4838 ebrupmm,
1254 4754 1381 4822 sltem
1396 4753 1529 4822 ἰσιιίσιιίσ
1542 4752 1640 4820 rerioo
1653 4751 1738 4820 rubri
1751 4753 1861 4820 coloris
1875 4773 1989 4841 oppon·

353 4855 423 4904 oum
437 4835 561 4904 exbibet
574 4837 703 4924 insigne,
718 4857 780 4927 quo
794 4835 883 4924 rulgo
895 4837 968 4904 Dux
981 4835 1166 4905 Premisloos
1180 4835 1331 4906 nubetur.

475 4955 614 5008 runnu
1783 4951 1819 5012 25
