4878 5942
1030 725 1307 804 -861-

323 893 325 896 Ι
358 931 439 1022 cius
456 941 585 1048 potest
605 942 642 1016 et
662 925 795 1029 debet,
825 925 935 1022 salvo
949 929 1037 1046 jure
1056 901 1240 1032 addendi,
1271 925 1475 1034 minuendi,
1497 924 1734 1047 corrigendi,
1755 944 1794 1020 et
1813 929 1863 1018 de
1883 961 1985 1024 novo

356 1049 468 1138 aliam
489 1046 572 1140 sire
591 1046 686 1136 alias
705 1045 929 1166 peticionem
950 1075 1019 1134 seu
1040 1047 1248 1162 peticiones
1268 1043 1382 1135 deodi
1403 1060 1441 1132 et
1459 1044 1715 1162 producendi,
1736 1060 1777 1132 ut
1796 1050 1832 1136 in
1852 1049 1982 1138 forme.
2084 1113 2092 1143 Ι

445 1164 556 1254 Post
575 1165 683 1254 cuius
730 1162 852 1254 uidem
873 1161 981 1254 libelli
1002 1161 1350 1272 obleciommmox
1370 1163 1537 1282 prelatus
1557 1177 1781 1286 procurator
1800 1181 1837 1256 et
1852 1197 1987 1282 procu·
2073 1166 2082 1199 ¹
2208 1216 2212 1224 ·

356 1282 500 1376 ratoric
527 1284 677 1372 nomine
697 1195 784 1372 dicti
805 1279 943 1372 domiai
963 1281 1152 1386 Stooislai,
1173 1280 1323 1399 plebani
1343 1282 1380 1368 in
1403 1285 1580 1389 docear,
1601 1284 1748 1400 copiam
1770 1282 1857 1374 dicti
1878 1283 1987 1374 libelli
2096 1397 2101 1409 Ι

357 1401 430 1492 sibi
455 1399 541 1488 dari
569 1401 716 1520 petivit,
752 1413 790 1486 at
818 1399 1013 1488 terminum
1040 1413 1183 1490 certum
1213 1399 1264 1488 ad
1285 1397 1565 1517 deliberandum
1594 1402 1795 1520 assignari.
1835 1400 1884 1492 Et
1904 1433 1987 1508 nos,
2084 1412 2099 1480 i

358 1517 501 1608 eisdam
529 1517 856 1608 consencientibus
884 1533 922 1606 et
976 1517 1207 1621 recentibus,
1243 1531 1385 1604 certum
1413 1519 1605 1608 terminum
1632 1523 1922 1637 peremptorium
1952 1538 1990 1610 et
2068 1536 2089 1595 r·

357 1647 632 1752 competentem
660 1633 710 1724 ud
737 1547 1020 1726 deliberantium
1061 1637 1267 1726 statuimus.
1316 1633 1408 1748 Quo
1441 1635 1591 1754 quidem
1620 1639 1777 1730 termino
1806 1641 1987 1746 veniente,

357 1753 468 1842 dictis
487 1751 719 1870 Dadzbogio
736 1755 889 1856 actoris,
909 1768 947 1842 et
964 1752 1107 1872 Egidic
1127 1754 1193 1855 rei,
1212 1753 1533 1870 procuratoribus,
1552 1783 1601 1842 ac
1621 1756 1829 1846 nominibus
1849 1787 2007 1875 procu·¹

357 1871 508 1987 rntorijs
530 1869 666 1988 quibus
687 1899 813 1987 supra,
835 1901 964 1958 coram
985 1871 1095 1960 nobis
1116 1871 1437 1987 comparentibus,
1459 1870 1557 1960 idem
1579 1870 1751 2008 Epidius,
1763 1890 1990 1994 procurator

359 1987 477 2106 partis
509 2017 593 2092 ree,
623 1987 740 2105 ipsius
770 1989 918 2078 nomine
939 1989 1131 2107 quoddam
1152 1990 1465 2106 compromissum
1492 1990 1587 2078 alias
1622 2005 1718 2080 roter
1737 1995 1840 2110 ipsas
1860 2009 1988 2110 partes

359 2131 476 2222 super
496 2103 630 2192 eadem
653 2103 799 2194 decima
821 2107 957 2195 lectum
978 2105 1176 2226 allegarit,
1198 2120 1236 2194 et
1256 2107 1359 2194 circe
1380 2107 1477 2196 idem
1499 2110 1810 2226 compromissum
1831 2128 1909 2228 ‘quo
1924 2141 1988 2199 su-

359 2251 428 2338 pro
444 2221 593 2312 nomine
605 2222 805 2320 valletlsic)
826 2237 946 2328 stare,
962 2255 1073 2312 ecee
1093 2223 1235 2314 admitti
1256 2225 1473 2340 postulavit,
1490 2239 1528 2314 et
1546 2243 1689 2342 partem
1704 2229 1774 2318 sibi
1788 2229 1989 2318 eduensem
2044 2333 2045 2338 p

360 2338 534 2454 compelli
561 2338 612 2426 ad
640 2340 816 2430 standum
846 2343 946 2428 circa
976 2341 1074 2428 idem
1097 2343 1422 2456 compromissum.
1472 2339 1523 2432 Et
1549 2373 1638 2448 noe,
1680 2347 1987 2459 procuratoribus

359 2457 538 2574 predictis
568 2458 805 2573 presentibus
833 2470 871 2542 et
891 2458 1239 2563 consencientibus,
1271 2460 1462 2546 terminum
1484 2457 1534 2544 ad
1556 2459 1687 2546 interlo
1714 2465 1879 2550 ¹cendum
1910 2479 1989 2554 sta·

359 2590 549 2664 tueramus
578 2589 871 2690 competentem3
902 2589 950 2679 et,
970 2574 1104 2662 eodem
1126 2575 1283 2662 termino
1304 2574 1538 2681 adveniente,
1567 2576 1678 2664 dictis
1691 2493 1930 2698 iladzbogio
1951 2597 1989 2669 ct

359 2689 512 2811 Egidio,
533 2692 843 2810 procuratoribus
863 2693 1030 2808 parcium
1051 2689 1323 2810 predictarum,
1354 2693 1519 2810 ipsarum
1538 2693 1749 2784 nominibus
1770 2725 1899 2787 coram
1920 2709 1989 2786 nc·
2146 2759 2149 2766 ,
2252 2693 2257 2702 ’

359 2811 418 2898 bis
439 2811 744 2927 comparentibus
765 2823 803 2900 et
822 2811 1051 2926 petentibus,
1073 2841 1145 2900 nos
1165 2811 1373 2900 interlocuti
1393 2810 1527 2900 luimus
1543 2810 1766 2902 mandantes
1782 2813 1882 2902 dicto
1897 2811 1989 2934 Egi-

359 2927 424 3016 dio
433 2929 671 3046 procuratori
680 2930 798 3048 partis
807 2960 873 3016 ree
882 2929 1117 3047 respondere
1127 2927 1326 3045 libellopro
1337 2929 1375 3041 (l)
1382 2944 1489 3048 parte
1500 2929 1537 3041 (l)
1548 2928 1788 3019 sibiadversa
1796 2933 1833 3043 (l)
1849 2931 1988 3042 oblato,

360 3047 655 3162 compromisso,
678 3045 780 3166 quod
803 3047 1058 3166 allegaverat,
1092 3045 1381 3136 nonobstante.
1432 3045 1529 3140 Post
1556 3048 1661 3136 cuius
1689 3049 1839 3168 quidem
1859 3067 1989 3141 nostre

359 3163 637 3254 interlocutorio
656 3165 858 3270 lacionam,
880 3194 967 3254 crox
987 3164 1087 3254 dicto
1107 3164 1258 3284 Egilio,
1279 3166 1514 3284 procuratori
1529 3169 1647 3283 partie
1662 3199 1739 3272 ree,
1759 3171 1896 3284 petenti
1916 3185 1989 3256 ter·

359 3283 498 3370 minum
534 3312 582 3370 ax
611 3279 955 3400 superhabundanti
986 3284 1068 3396 (sic)
1098 3283 1149 3372 ad
1175 3281 1482 3399 respondendum
1509 3283 1651 3391 libella,
1672 3283 1721 3374 de
1742 3287 1932 3374 voluntate
1952 3304 1989 3376 et

360 3427 566 3492 consensu.
587 3398 802 3521 Dadabcgij
839 3403 1098 3517 procuratoris
1133 3402 1251 3519 partis
1271 3401 1432 3499 actricis,
1459 3401 1677 3518 prebuimus
1704 3418 1988 3522 competentem.
2037 3473 2042 3480 .

361 3517 598 3606 Adveniente
618 3519 745 3631 itaque
765 3521 923 3608 termino
944 3535 1163 3622 memorato,
1184 3517 1432 3638 Dadzbogius
1453 3521 1570 3636 partis
1591 3521 1754 3626 actricis,
1774 3536 1812 3610 et
1825 3517 1988 3640 Egidius

360 3638 479 3752 partis
498 3665 575 3740 ree,
620 3652 863 3727 recuratcres
883 3637 1041 3757 predicti
1061 3665 1191 3726 coram
1207 3636 1317 3726 nobis
1334 3653 1609 3754 comparentes,
1630 3653 1667 3728 et
1687 3641 1846 3730 termino
1860 3639 1987 3730 buius·

361 3751 464 3842 modi
491 3666 782 3856 satisidcieotes,
825 3755 922 3844 idem
959 3754 1120 3875 Egidius
1140 3771 1367 3874 procurator
1387 3759 1425 3843 et
1444 3757 1594 3848 nomine
1614 3759 1876 3876 procuratorio
1900 3758 1988 3846 dicti
2105 3791 2107 3796 ·
2209 3769 2211 3778 '

360 3871 548 3986 stanislai,
577 3872 725 3992 plebani
755 3876 792 3964 in
816 3875 1115 3977 Chaeroniam
1137 3873 1386 3964 contestando
1414 3874 1627 3990 respondit,
1668 3905 1817 3992 negans
1836 3891 1987 3962 narrata

359 4004 473 4107 prout
492 4004 702 4099 narrantum,
714 4007 752 4080 et
767 4007 900 4112 petens
908 3995 1023 4110 petita
1034 3991 1113 4080 fieri
1123 3987 1198 4082 non
1209 3992 1360 4093 debere,
1375 3991 1671 4103 addicienslsic),
1682 3991 1785 4107 quod
1805 4019 1896 4108 pars
1916 4021 1986 4080 sua
2077 4100 2081 4109 Ι

360 4117 502 4196 tanurm
523 4105 708 4196 decimam
728 4108 778 4198 de
797 4113 903 4228 agris
926 4109 1107 4196 heredum
1129 4109 1164 4196 in
1181 4110 1281 4198 dicta
1296 4113 1515 4196 Szowerrlro
1535 4123 1574 4196 et
1594 4107 1759 4196 dominio
1780 4135 1908 4196 corum
1929 4139 1987 4198 re·
2058 4141 2091 4206 ¹,

361 4225 475 4342 cipiat
491 4235 533 4310 tet
551 4251 628 4312 non
648 4227 885 4332 rusticomm.
946 4226 1044 4314 Post
1066 4225 1332 4345 quomquidem
1352 4227 1425 4312 litis
1446 4227 1778 4333 contestacionem,
1794 4255 1866 4315 nos
1879 4227 1987 4344 jura·
2066 4227 2077 4260 '

360 4353 526 4432 mentum
546 4341 758 4458 calumpnia
777 4370 802 4428 a
822 4341 931 4430 dictis
951 4345 1259 4461 procuratoribus
1280 4343 1316 4431 in
1336 4345 1496 4436 animam
1518 4345 1825 4433 constituenoium
1855 4347 1986 4466 exegi·

360 4487 465 4565 mus,
496 4471 535 4548 et
554 4459 749 4548 terminum
770 4473 912 4548 certum
933 4459 983 4548 ad
1004 4459 1220 4577 ponendum
1244 4473 1282 4549 el
1301 4459 1584 4566 articulandom,
1605 4462 1769 4581 ponique
1790 4475 1828 4550 at
1845 4465 1986 4554 articu-

359 4573 432 4664 lcri
457 4573 678 4686 videndum,
708 4577 1018 4694 procuratoribus
1047 4577 1191 4668 eisdam
1219 4579 1431 4699 potentibus
1457 4595 1494 4668 et
1515 4580 1853 4684 consencientibus,
1887 4585 1985 4672 assi·

443 4693 584 4802 uimus;
615 4709 653 4784 et
680 4694 815 4786 eodem
842 4698 999 4786 termino
1021 4697 1227 4805 ·veniente,
1257 4697 1436 4818 predictis
1465 4695 1707 4818 Dndzbogio,
1728 4697 1818 4787 dicti
1837 4695 1985 4790 Nicolai

360 4721 555 4918 ffiurici,
576 4824 615 4904 et
632 4810 971 4938 Egidic,Stenislai
979 4813 1140 4936 plebani,
1149 4815 1459 4934 procuratoribus
1478 4845 1609 4908 coram
1629 4817 1740 4908 nobis
1760 4845 1984 4934 comparen-

479 4961 569 5014 Tornon
579 4961 614 5014 11.
1781 4963 1817 5024 46
