4878 5942
1132 767 1402 842 -978-

386 1029 390 1038 ,
470 969 565 1058 cium
585 969 813 1088 inponentes.
844 967 886 1057 ln
907 997 1061 1088 quornm
1083 969 1328 1058 testimonium
1349 983 1386 1055 et
1406 967 1634 1057 euidenciam
1655 970 1878 1090 pleniorem,
1909 1001 2063 1092 presan-

300 1169 308 1184 ,
469 1103 541 1177 tem
562 1086 701 1175 literam
721 1087 832 1175 scribi
852 1089 1015 1195 fecimus,
1037 1105 1074 1176 et
1093 1090 1209 1176 nostri
1229 1087 1338 1208 sigilli
1360 1089 1553 1175 munimine
1574 1089 1754 1176 roborari.
1782 1089 1920 1176 Actum
1942 1105 1978 1176 et
1998 1087 2064 1176 da·

462 1222 542 1310 ¹tum
562 1207 599 1294 in
620 1213 739 1313 Brest,
761 1206 831 1294 sub
851 1235 949 1294 annu
963 1205 1107 1324 demini
1126 1205 1183 1296 Μο
1200 1206 1316 1296 CCC⁰
1330 1205 1515 1322 XLVlll⁰.
1548 1206 1790 1296 Preseutihus
1810 1207 1881 1324 hijs
1902 1209 2065 1295 testibus·

374 1328 379 1336 ’
469 1323 623 1412 hlbertn
644 1324 806 1532 palatino
827 1325 1023 1412 brestense
1043 1325 1137 1438 (sic).
1165 1324 1333 1413 durande
1363 1325 1558 1443 capitaneo
1580 1325 1795 1428 mindiensi,
1822 1324 1978 1413 Chebda
1999 1354 2063 1412 ca·

469 1442 627 1533 stellano
674 1443 851 1550 restensi,
870 1443 1010 1532 Mathia
1032 1443 1236 1532 castellano
1257 1443 1500 1564 bitgnscensi,
1520 1443 1713 1532 Dubeslnc
1735 1443 1960 1555 vexxilliierp
1982 1443 2064 1556 (sic)

408 1630 412 1640 .
467 1559 667 1672 brestensi,
696 1563 922 1680 Sucziwuyn
943 1561 1135 1652 subindice
1155 1561 1350 1668 hrastensi,
1371 1577 1409 1650 et
1427 1563 1510 1682 alijs
1531 1562 1695 1682 pluribus
1714 1559 1789 1650 tide
1809 1560 1943 1682 dignis.

1139 1877 1408 2000 unimur.
1473 1973 1531 2028 „

570 2113 853 2226 nummu,
878 2135 1032 2200 nuno
1049 2109 1197 2201 rans
1223 2085 1314 2200 ure
1337 2113 1408 2203 rs
1433 2115 1630 2202 mena·
1652 2115 1965 2204 naumann

469 2317 689 2393 Mamas
702 2318 872 2410 spineum
892 2316 1161 2392 tltrltslnutnmtn
1179 2315 1465 2392 unumunurm
1479 2319 1615 2387 arnseo
1630 2319 1751 2394 cnidum
1771 2317 1920 2399 cretum
1933 2319 1994 2395 cirt
2008 2320 2067 2396 hr-

769 2413 913 2514 eteiemh
928 2419 1095 2512 munium
1107 2419 1218 2494 nancte
1231 2419 1375 2494 nnnctm
1389 2419 1587 2494 thnrmmntn
1600 2419 1708 2494 rendit
1717 2422 1767 2509 (ι).

567 2609 610 2698 ln
630 2611 777 2698 nomine
797 2607 953 2714 domini,
974 2640 1092 2698 amen.
1123 2605 1183 2697 Ne
1203 2641 1261 2715 ea,
1292 2641 1365 2730 que
1384 2625 1546 2729 aguntur
1566 2611 1602 2697 in
1622 2623 1805 2731 tempure,
1836 2595 2064 2730 perlapsum

469 2729 646 2846 temporis
665 2760 688 2817 a
709 2730 884 2817 memoria
905 2727 1132 2834 dilabantur;
1153 2729 1417 2848 scripturarum
1438 2729 1647 2818 testimonie
1668 2727 1889 2848 perhennem
1910 2759 2066 2817 consue·

469 2861 610 2939 uerunt.
654 2845 747 2935 lude
767 2859 842 2954 est,
872 2845 973 2964 quod
994 2876 1064 2934 nos
1091 2844 1264 2950 Martias,
1285 2845 1407 2954 diuina
1437 2862 1475 2936 et
1493 2849 1700 2966 apostolice
1720 2845 1822 2938 sedis
1852 2849 1984 2968 gracia
2003 2877 2066 2937 ec·
2177 2955 2184 2964 Ι

470 2965 584 3054 elesie
604 2965 913 3054 wladislauiensis
943 2965 1165 3084 episcopus,
1186 2981 1311 3053 notum
1342 2967 1495 3055 iacimus
1516 2967 1697 3054 uniuersis
1728 2979 1923 3085 presentes
1943 2963 2068 3057 literas

469 3084 700 3204 inspecturis:
723 3081 839 3198 Quod
860 3084 1065 3200 cupientes,
1085 3097 1124 3170 ut
1142 3081 1227 3172 uilla
1248 3113 1317 3171 seu
1336 3081 1521 3173 hereditas
1541 3099 1672 3173 nostra
1692 3099 1729 3173 et
1747 3085 1908 3172 ecclesie
1928 3100 2067 3186 nostre,

469 3209 638 3290 Brzemo
659 3201 851 3323 wlgariter
881 3199 996 3307 dicta.
1011 3201 1047 3287 in
1067 3199 1230 3290 districtu
1250 3199 1438 3290 Raczeusi
1460 3203 1540 3317 (sic)
1562 3205 1716 3310 situata,
1740 3205 1826 3320 jure
1846 3203 2069 3320 maydebur·

329 3374 335 3393 ·
441 3356 450 3374 ·
470 3321 579 3443 gensi
599 3321 737 3427 locata,
763 3333 878 3440 prout
898 3321 933 3406 in
955 3333 1053 3408 terra
1083 3318 1269 3408 Culmensi
1292 3334 1454 3425 tenetur,
1485 3321 1554 3408 sub
1575 3321 1755 3440 regimine
1785 3321 1930 3410 sculteti
1949 3321 2068 3410 utilius

440 3437 717 3560 ¹gubernetur,
747 3437 962 3528 sculteciam
993 3436 1157 3526 eiusdem
1178 3437 1277 3546 ville,
1309 3469 1392 3525 cum
1423 3439 1538 3528 tribus
1559 3439 1697 3528 mansis
1728 3469 1886 3528 acensu
1919 3454 2068 3548 tantum,

471 3553 636 3644 sednon
665 3555 816 3658 decium.
829 3555 970 3662 liberis,
1000 3556 1158 3674 prouidn
1188 3558 1268 3646 viru
1289 3555 1463 3666 cterusu,
1489 3559 1558 3645 cini
1579 3573 1708 3647 nostre
1739 3557 1787 3646 de
1805 3565 1998 3666 Rnczmm,
2020 3555 2069 3646 de

471 3703 660 3763 censensu
682 3675 827 3794 capituli
846 3673 963 3763 nostri
992 3673 1302 3763 wladislauiensis
1337 3674 1566 3768 vendidimus
1603 3706 1671 3794 pru
1691 3673 1760 3764 Lx
1779 3675 1917 3764 marcis
1940 3707 2068 3765 nume·

470 3793 503 3882 ri
523 3807 560 3881 et
579 3807 726 3880 monete
756 3791 1047 3898 thorunensium,
1077 3820 1144 3910 per
1173 3823 1255 3881 eum
1287 3807 1323 3880 et
1343 3821 1434 3880 suos
1459 3791 1619 3882 heredes
1649 3823 1697 3882 ac
1726 3819 1970 3883 successures
1990 3796 2068 3881 iure

470 3909 692 4000 hereditario
712 3926 892 4030 perpetuo
924 3908 1198 4029 possidendam.
1230 3907 1456 3999 Ordinamns
1476 3927 1616 4018 autem,
1674 3909 1750 4000 und
1770 3943 1900 4006 omnes
1931 3941 2066 4000 causas

469 4059 610 4151 paruas
630 4043 667 4117 et
687 4060 858 4150 magnas
880 4027 1005 4117 ciuiles
1027 4043 1063 4114 et
1083 4027 1304 4136 criminales
1335 4027 1428 4116 inira
1449 4031 1626 4119 terminos
1647 3944 1745 4118 dicte
1764 4027 1978 4119 hereditatis
1999 4059 2065 4119 nn·

471 4163 549 4236 stre
571 4149 848 4270 contingentes,
869 4149 951 4266 ipse
971 4147 1149 4234 scultetus
1170 4163 1206 4237 et
1226 4146 1282 4234 sui
1303 4177 1568 4255 successores,
1599 4163 1774 4267 presente
1793 4163 1924 4248 nostro
1944 4165 1981 4238 et
2000 4179 2066 4238 nu·

472 4281 633 4356 strnrum
653 4296 913 4356 successorum
934 4266 1092 4353 nunccin
1112 4263 1279 4387 generali
1309 4264 1368 4354 vel
1388 4267 1560 4386 speciali,
1589 4267 1793 4357 iudicabit·
1819 4265 1878 4354 De
1899 4267 2068 4354 iudicatis
2117 4355 2122 4364 ,

472 4413 544 4473 nns
565 4399 601 4473 et
619 4386 736 4474 nestri
756 4413 1002 4474 successores
1023 4383 1118 4473 dnus
1140 4383 1314 4472 denarios
1335 4397 1372 4472 et
1392 4385 1626 4474 medietatem
1647 4385 1809 4492 taberne,
1830 4399 1868 4473 et
1888 4386 2067 4474 scultetus

472 4503 554 4621 ipse
573 4533 658 4590 cum
687 4504 766 4592 suis
785 4503 946 4622 posteris
967 4503 1119 4592 tercium
1150 4518 1186 4592 et
1205 4502 1367 4592 similiter
1386 4503 1619 4594 medietatem
1650 4503 1804 4592 taberne
1832 4505 2065 4623 recipiemus.

571 4735 612 4889 (fl
652 4738 698 4804 nx
712 4745 913 4840 transsumpto
937 4739 1163 4840 membranaceo
1177 4736 1248 4806 anni
1265 4736 1355 4814 1398,
1370 4737 1400 4802 in
1414 4737 1559 4838 tabulario
1573 4737 1691 4826 capituli
1707 4735 1959 4838 wladislaripnsis
1975 4757 2068 4837 asser·
2093 4742 2098 4754 '

471 4829 831 4997 ssfflflrhzffilffiilnf
846 4845 942 4912 ipsum
970 4824 1091 4890 rutenus
1123 4825 1159 4890 nd
1180 4843 1291 4890 annum
1316 4820 1396 4890 1398
1419 4829 1465 4889 est
1485 4830 1649 4902 insertum,
1680 4823 1731 4889 ubr
1754 4829 1844 4890 etiam
1864 4821 2069 4946 sugillandam
