4878 5942
1053 729 1328 804 -dd't-

376 931 431 1020 ris
459 945 638 1050 perpetue
663 957 916 1020 reseruemus.
977 925 1201 1020 Addioimus
1237 931 1377 1032 eoiam,
1406 927 1513 1050 quod
1537 928 1659 1020 dietus
1682 931 1948 1024 Swautosleus
1971 951 2008 1026 et

377 1051 497 1170 ipsius
517 1047 679 1138 heredes
700 1079 771 1170 pro
792 1048 1085 1166 oomparaoione
1107 1049 1301 1137 molarium
1323 1065 1360 1137 et
1380 1049 1695 1158 tenimentorum,
1727 1079 1775 1138 ao
1794 1082 1865 1171 pro
1886 1054 2005 1143 relor·

378 1169 551 1256 macione
585 1167 752 1256 eiusdem
788 1165 988 1255 molendini
1019 1167 1184 1274 tooieus,
1207 1168 1391 1288 quociens
1412 1169 1671 1257 necessarium
1692 1169 1818 1275 luerit,
1851 1173 2006 1259 tercium

379 1285 593 1395 denarium,
614 1300 727 1405 prout
746 1285 831 1374 alibi
853 1300 911 1374 est
932 1301 1167 1374 oouswetum
1190 1285 1408 1404 impendero
1425 1300 1462 1372 et
1477 1287 1629 1376 soluere
1650 1289 1722 1376 sint
1743 1289 1894 1376 astricti.
1922 1287 2007 1380 Nos

376 1434 472 1493 uero
497 1421 535 1495 et
563 1406 706 1524 posteri
735 1404 853 1492 nostri
882 1403 981 1494 duos
1013 1403 1192 1492 denarios
1222 1405 1372 1492 soluere
1400 1417 1438 1492 et
1458 1405 1674 1524 impendere
1702 1435 1772 1524 pro
1794 1405 2007 1496 huiusmodi

377 1525 572 1611 molarium
594 1539 629 1612 et
648 1523 946 1611 ferrimentorum
977 1523 1267 1641 eomparaoione
1293 1539 1480 1624 tenemur,
1513 1539 1551 1611 et
1571 1525 1689 1612 eciam
1711 1554 1782 1642 pro
1804 1525 2006 1614 molendini
2072 1537 2078 1546 '

375 1643 662 1730 reiormaoione.
715 1640 893 1730 Ceterum
914 1642 1104 1746 volumus,
1137 1641 1239 1761 quod
1262 1639 1349 1728 dum
1370 1639 1469 1728 aliud
1491 1658 1659 1732 nostrum
1696 1642 1947 1732 molendinum
1969 1645 2006 1732 in

374 1767 606 1848 Bodroroor'lc
626 1762 768 1850 molere
788 1789 865 1848 non
885 1761 1033 1878 poteril;
1054 1773 1142 1847 tuno
1162 1760 1333 1848 homines
1354 1757 1402 1846 de
1423 1761 1812 1850 oiuitateBobroooollr
1831 1777 1868 1850 et
1888 1761 2004 1852 aliun-

375 1873 441 1980 de,
473 1877 636 1997 quelibet
665 1909 795 1966 eorum
823 1879 1005 1966 dumento
1033 1879 1069 1966 iu
1090 1877 1191 1967 dieto
1214 1877 1428 1966 molendino
1459 1879 1649 1968 habebunt
1677 1881 1820 1968 molere
1849 1880 2026 1969 liberam.

375 1998 599 2086 laoultatem.
649 1995 701 2084 Ut
720 2012 843 2085 autem
865 1997 1010 2116 presori
1040 2011 1077 2084 ta
1098 1995 1262 2085 donario
1281 1995 1398 2084 robur
1422 1997 1590 2086 obtineat
1609 2014 1791 2117 perpetue
1811 1998 2006 2105 firmitatis,
2153 2076 2157 2088 ,

376 2131 572 2234 presentes
592 2115 689 2218 deri,
710 2117 902 2235 nostrique
931 2027 1043 2235 sigtll
1066 2117 1301 2234 appensione
1331 2115 1506 2204 iussimus
1527 2117 1755 2204 communiri.
1810 2116 2007 2206 detumet

376 2234 504 2322 datum
526 2237 562 2322 in
581 2241 746 2340 Dodonia,
777 2263 878 2323 anno
905 2233 1044 2322 domini
1071 2235 1266 2322 millesimo
1295 2235 1563 2322 trecentesimo
1591 2236 1853 2355 octuagesimo
1875 2235 2005 2338 teroio‚

375 2352 563 2440 dominioa
592 2352 654 2439 die
683 2353 852 2470 proxima
888 2365 976 2439 ante
1004 2353 1139 2440 iestum
1169 2352 1290 2439 saneti
1327 2350 1424 2437 Galli
1459 2353 1705 2442 ooniessoris.
1757 2351 2006 2444 Presentibus

374 2463 724 2560 uostrislidelibus:
745 2467 901 2560 Andrea
915 2467 1063 2586 judice,
1084 2467 1489 2574 lwanomarsohaloo,
1516 2469 1691 2558 lohanne
1717 2471 1910 2586 pincerna,
1924 2471 2003 2560 do·
2068 2477 2098 2576 f
2156 2431 2169 2536 l
2203 2481 2223 2544 t

373 2589 632 2695 brinensibus3
664 2588 780 2676 Petro
809 2585 915 2678 Lolil'
934 2584 984 2673 de
1017 2591 1154 2685 Osset,
1193 2585 1391 2674 Dobeslao
1427 2584 1476 2672 de
1506 2593 1664 2696 dr'blriro,
1700 2585 1923 2676 Mesozante
1947 2588 2002 2709 de

383 2713 564 2796 Welowo
585 2704 666 2820 (²),
699 2722 736 2795 et
756 2704 909 2796 domiuo
937 2701 1101 2794 Nioolao
1130 2721 1262 2795 nostro
1293 2703 1541 2813 oanoellario,
1572 2707 1634 2824 qui
1655 2705 1854 2824 presencia
1876 2703 2005 2793 habuit

374 2827 410 2914 in
432 2827 724 2930 commisso‚·et
743 2823 827 2946 alijs
846 2823 1015 2942 pluribus
1034 2821 1111 2912 lide
1131 2823 1269 2944 dignis.
2000 2861 2006 2870 ·

473 3059 513 3144 (²)
543 3058 648 3137 octat,
671 3059 828 3148 ll'psodowo
842 3068 873 3126 et
886 3058 1004 3148 Dyrta
1017 3060 1109 3128 villae·
1118 3058 1257 3126 territorii
1273 3067 1304 3124 et
1316 3058 1448 3144 regionis
1462 3057 1629 3145 Lipnensis

1041 3343 1333 3464 oooxxvu.
1463 3299 1467 3308 ’

441 3587 935 3684 momentaneum
960 3530 1110 3668 lasa
1135 3582 1229 3666 dle
1254 3579 1331 3664 1⁰
1357 3579 1558 3666 menete
1582 3580 1922 3666 Novemorer.

371 3787 554 3861 Petrus
569 3789 609 3862 do
625 3789 746 3858 umen
759 3727 914 3862 droun
928 3789 963 3861 ot
975 3787 1181 3878 ‚nemun
1197 3781 1344 3858 denum
1359 3783 1560 3874 Apostolum
1575 3782 1749 3858 detttorrm
1763 3786 1932 3870 nunni,
1953 3800 2001 3857 ro

370 3890 474 3982 repar
488 3889 611 3964 duobus
624 3889 763 3966 muium
775 3887 962 3966 florerem
975 3903 1137 3962 ameum
1146 3885 1390 3977 mamertium
1410 3884 1582 3977 sospitato
1599 3885 1753 3962 ooolostn
1767 3883 2001 3958 wotidedun·
2150 3933 2156 3942 -

812 4053 818 4064 .
944 3986 1426 4076 elnttemttlommradditu).

474 4179 669 4291 Universis
690 4195 887 4294 presentes
907 4177 1035 4266 literas
1066 4175 1291 4296 inspecturis
1314 4175 1451 4264 Petrus
1477 4173 1510 4262 F
1513 4173 1674 4261 ranoisoi
1695 4171 1743 4259 da
1763 4175 1911 4260 Swessa
1927 4173 1999 4261 Ca·

372 4302 529 4390 nonious
559 4311 598 4384 et
617 4293 919 4386 Arrhidiaoonus
945 4296 1107 4416 quinque
1136 4293 1382 4382 ecelesiarum
1404 4296 1440 4379 iu
1461 4291 1603 4412 Regno
1626 4291 1784 4379 Polonie
1805 4307 1841 4379 et
1862 4305 2000 4398 cetera,
2105 4351 2114 4384 ι

297 4423 302 4432 '
371 4421 556 4508 lruotuum
586 4431 620 4504 et
676 4429 896 4502 roventuum
924 4413 1086 4501 Camere
1112 4411 1334 4530 Apostolioe
1370 4409 1578 4498 debitorum
1601 4409 1809 4514 oolleotor,
1841 4409 1999 4498 salutem
2079 4437 2090 4467 ¹

372 4541 409 4626 in
430 4535 604 4626 Domino.
663 4527 865 4622 niuersiteti
887 4546 1013 4620 vestre
1034 4545 1165 4620 tenore
1192 4531 1430 4650 presencium
1448 4527 1720 4649 significamus,
1751 4529 1998 4648 recognosci·

474 4771 514 4856 (¹)
542 4771 587 4837 Er
603 4767 762 4854 arohetypo
777 4765 1017 4844 membruuaoeo,
1031 4763 1111 4853 quod
1128 4766 1157 4831 in
1173 4764 1304 4852 quodam
1317 4763 1463 4830 tabulario
1479 4763 1593 4849 privato
1609 4761 1639 4826 in
1655 4779 1749 4846 regno
1764 4759 1909 4828 Gallioiae
1925 4781 1998 4828 oon·

373 4856 437 4924 dito
453 4863 635 4930 asseruntur,
649 4853 840 4938 descriptum
861 4851 956 4937 sigilli
970 4851 1089 4938 abmpti
1105 4857 1245 4938 superest
1257 4857 1375 4916 trutmn
1389 4849 1520 4915 taeniola
1536 4851 1729 4936 pergamena.

478 4977 568 5026 Tomos
585 4977 616 5026 11.
1795 4961 1830 5018 43
