4896 5926
1020 741 1270 816 ...⁸5-

1116 1105 1169 1222 b.

630 1376 639 1391 “
707 1376 839 1462 stne
864 1375 958 1462 dic
984 1381 1041 1464 ct
1064 1377 1216 1499 toco,
1242 1395 1399 1462 nmmo
1425 1373 1582 1466 lm.
1713 1450 1716 1468 .

321 1580 478 1666 hese·
499 1577 570 1654 Itu
590 1577 740 1670 anatim
759 1577 933 1652 manati:
946 1577 1100 1653 ccctcetm
1121 1575 1392 1654 comunem
1411 1577 1578 1673 lunellum
1593 1578 1717 1656 mmo
1739 1525 1895 1660 Νοτίου,
1916 1595 1955 1655 cc
2026 1544 2028 1550 ¹

319 1679 404 1754 rum
418 1679 637 1777 :cannen
658 1668 850 1762 mere,
872 1684 983 1772 arey,
1005 1683 1164 1771 amec,
1184 1681 1776 1767 commemorassemus:
1788 1679 1957 1758 mertem

1039 1785 1237 1878 “Wil-

420 2003 463 2090 ln
504 2003 654 2094 nominc
693 2020 823 2094 sancte
859 2021 896 2094 et
930 2003 1120 2094 indiuidua
1162 2009 1352 2116 trinitatis,
1391 2040 1513 2100 amen.
1572 2009 1764 2127 Quoniam
1797 2025 1954 2130 propter
2015 2023 2059 2128 J

318 2121 600 2258 ambiguitatem
634 2123 688 2210 rei
715 2139 846 2244 geste,
882 2121 1036 2214 lraudes
1072 2137 1111 2212 et
1136 2125 1323 2219 calumnie
1358 2127 1581 2219 multociens
1615 2130 1861 2218 suscitantur:
1897 2129 1954 2216 eis

319 2237 506 2328 obliuione
533 2254 571 2328 et
591 2242 814 2361 ignorancin
839 2243 1067 2363 quandoque
1088 2273 1263 2354 causam,
1290 2262 1327 2336 et
1346 2245 1486 2368 pluries
1507 2249 1749 2338 occasionem
1769 2245 1953 2366 prebenti-

316 2355 400 2446 bus:
421 2355 579 2476 proinda
600 2361 808 2476 sapientum
829 2359 1038 2449 authoritas
1057 2363 1209 2452 instituit
1230 2363 1320 2460 lutll
1341 2395 1398 2472 ea,
1420 2397 1494 2488 que
1514 2367 1583 2455 rite
1598 2377 1794 2488 gemntur,
1814 2365 1952 2454 solem·
2049 2409 2051 2418 ·

315 2476 376 2562 nis
397 2477 583 2592 scripture
604 2477 814 2565 testimonio
835 2477 1026 2584 roborata,
1075 2497 1285 2570 osterorum
1306 2483 1459 2570 auribus
1480 2481 1722 2572 inculcentur.
1753 2483 1872 2603 lgitur
1886 2513 1953 2572 no·

317 2591 439 2682 ueriut
452 2593 627 2682 uniuersi:
647 2593 750 2712 quod
771 2623 843 2682 nus
862 2593 1011 2684 Lescco
1028 2509 1089 2684 :let
1104 2601 1236 2717 gracia
1252 2599 1340 2688 Dux
1355 2599 1608 2717 Syradiensis,
1628 2599 1852 2692 ateudeutes
1869 2601 1953 2716 (sic)
2008 2685 2013 2702 ,

317 2711 419 2800 buna
436 2707 703 2831 Episcopatus
717 2711 1048 2804 Wlndislauiensis
1068 2712 1262 2824 Ecclesia,
1294 2747 1363 2837 per
1391 2718 1596 2837 gentilium.
1614 2718 1788 2810 incursus
1817 2720 1853 2808 in
1874 2720 1953 2806 suis

316 2830 561 2946 prouentibus
590 2859 659 2918 eeu
688 2831 903 2918 utilitatibus
932 2831 1090 2952 anullarj
1112 2835 1216 2948 (sio):
1273 2837 1281 2852 '
1326 2836 1569 2924 exortaciouc
1588 2835 1812 2924 venerabilis
1833 2836 1951 2956 patris

316 2949 435 3036 nostri
451 2947 589 3036 domini
605 2947 803 3066 Wolimirj,
824 2948 949 3037 diuina
965 2955 1175 3042 vocacione
1192 2953 1244 3043 W
1259 2953 1520 3044 adislnuiensis
1541 2953 1721 3092 Episcopi
1742 2954 1893 3061 inuitati,
1913 2953 1951 3042 in

316 3067 653 3158 conseruacionem
677 3082 715 3157 et
735 3067 1036 3158 melioracionem
1057 3071 1242 3160 bonorum
1264 3071 1364 3161 dicte
1384 3073 1547 3162 ecclesie
1575 3103 1612 3162 m
1632 3088 1765 3164 nostro
1786 3072 1950 3164 dominio

315 3187 543 3301 positomm,
580 3199 623 3276 ut
648 3185 732 3276 deo'
752 3201 790 3274 et
818 3217 887 3274 sue
916 3191 1026 3278 matri
1053 3189 1222 3309 gloriose
1252 3192 1388 3310 virgini
1416 3190 1539 3280 Marie
1568 3205 1719 3312 gramm
1749 3193 1949 3280 seminium

315 3302 575 3422 inpendemus,
596 3320 886 3422 nostrorumque
907 3309 1165 3442 peccaminum
1186 3311 1333 3398 veniam
1354 3339 1581 3398 mereamur:
1613 3311 1760 3399 Ciuitati
1789 3315 1950 3425 Wopbor

314 3451 401 3513 cun
420 3423 515 3511 villis
535 3425 605 3513 sibi
624 3426 757 3514 anesis
777 3424 877 3536 (sic),
910 3426 1053 3514 scilicet
1076 3433 1307 3532 Surcom'cc,
1337 3435 1522 3531 Pccrecc,
1549 3431 1776 3529 blotenano,
1809 3432 1948 3518 Cumo-

315 3547 399 3628 cirm
413 3537 478 3654 (²),
500 3549 584 3630 cette
602 3543 1055 3672 commiseronem
1076 3545 1224 3664 plenam
1245 3575 1294 3634 uc
1314 3545 1565 3637 cumimodam
1586 3548 1811 3655 libertatem:
1838 3548 1948 3637 nictul

262 3677 268 3698 ⁸
305 3659 404 3748 iuris
425 3660 534 3750 nobis
563 3663 599 3750 in
620 3661 761 3754 eisdem
791 3663 1003 3782 personalis
1032 3695 1100 3752 seu
1130 3663 1308 3784 predialis
1337 3667 1558 3756 retinentes:
1590 3667 1673 3756 aliis
1694 3667 1789 3756 villis
1810 3667 1948 3757 castel·

312 3775 412 3866 lania
446 3777 497 3866 de
532 3787 693 3896 Wopbcr
726 3797 857 3872 nostra
892 3781 972 3870 iura
1007 3781 1272 3891 reddentibus,
1308 3783 1622 3905 quemadmodum
1658 3816 1881 3905 expressum
1909 3787 1948 3877 ic

313 3925 443 3984 aarum
475 3899 672 4020 priuilegia
705 3903 924 3993 continetur.
975 3900 1126 3992 Damus
1154 3901 1207 3990 ad
1237 3903 1311 3992 lmc
1342 3917 1566 4022 potestatem
1593 3903 1706 3992 dicto
1738 3902 1945 4021 Episcopo,

225 4099 231 4125 ,Ι
312 4015 391 4104 suis
428 4047 468 4118 c
496 4019 807 4126 successoribus,
842 4017 1050 4140 predictam
1083 4021 1268 4110 ciuitatem
1298 4051 1382 4110 cum
1411 4019 1506 4111 villis
1535 4023 1710 4139 superius
1740 4022 1944 4137 expressis,

229 4134 239 4245 ἶ,
425 4136 561 4254 ocaudj
584 4137 807 4228 theutonico:
835 4140 1100 4259 undecumque
1118 4155 1157 4228 et
1202 4140 1475 4258 uibuscumque
1494 4139 1717 4228 nacionibus
1733 4137 1944 4228 aduocms
2013 4153 2017 4160 '

77 4315 81 4323 -
272 4273 279 4362 j
306 4251 547 4362 “Adicientem
579 4272 617 4344 ut
638 4258 823 4385 premissa
845 4260 977 4368 ciuitas
996 4287 1067 4376 per
1085 4172 1317 4376 sepedictum
1344 4257 1579 4378 Episcopum
1599 4285 1769 4378 suosque
1787 4287 1944 4348 succes-

261 4365 274 4384 ⁴
311 4401 438 4478 sores,
468 4375 748 4494 mumlcpideo
766 4366 990 4484 veldste'r'co
1009 4407 1079 4466 seu
1100 4377 1244 4494 plancis
1265 4377 1438 4482 valletur,
1468 4389 1579 4513 prout
1609 4377 1777 4496 ipsomm
1803 4376 1945 4466 sederit
1972 4425 1982 4444 ·

310 4489 499 4582 uoluntati.
534 4487 688 4582 ''Curret
708 4511 832 4584 autem
853 4494 1032 4626 ὀψίας
1057 4507 1207 4584 monete
1232 4509 1362 4586 nostre
1390 4497 1426 4583 in
1448 4497 1596 4584 ciuitate
1628 4501 1785 4611 Wopbor
1813 4511 1849 4585 et
1870 4527 1942 4587 suo

410 4709 449 4873 pl
478 4711 524 4796 Ep
539 4710 701 4800 archetypo
715 4713 945 4802 mambranaceo
959 4711 1098 4779 tabularii
1112 4713 1233 4798 capituli
1247 4712 1495 4780 Vladisleviensis
1530 4711 1563 4778 st
1585 4711 1668 4780 illum
1682 4713 1793 4812 deest..

422 4797 450 4878 ²)
479 4797 671 4873 Zarcotriec,
694 4795 748 4862 Mt
822 4797 1093 4885 yfflolcndinum),
1113 4797 1223 4883 Peary,
1239 4796 1414 4875 Ramnete,
1432 4795 1498 4862 Sci
1555 4799 1562 4814 '
1586 4797 1752 4880 'leidclicct
1765 4797 1835 4864 mlle
1847 4797 1939 4865 Sanc·

308 4877 484 4965 tusciarum)
500 4881 586 4950 villcc
599 4879 711 4970 oppido
769 4884 870 4949 olborz
886 4882 1065 4970 adiacentes,
1081 4903 1187 4950 munes
1202 4883 1233 4948 in
1248 4881 1399 4950 territorio
1414 4889 1445 4950 ct
1458 4883 1584 4969 regione
1597 4881 1810 4950 Patricoviansi
1824 4883 1907 4950 sitae
2003 4889 2011 4902 '
