4878 5942
1137 727 1411 854 -ere-

1186 1093 1378 1212 uuuxt.

610 1329 900 1430 numerent,
927 1348 1084 1416 omno
1109 1327 1258 1416 1320
1285 1329 1379 1416 dic
1402 1327 1482 1419 28
1510 1329 1713 1416 menas
1754 1331 1935 1439 duna.

459 1533 683 1612 zumurus
701 1532 875 1626 terreum
888 1478 1160 1608 maneremus
1179 1531 1303 1607 enam
1323 1531 1483 1630 sunno
1504 1531 1614 1608 nou
1636 1532 1767 1623 som,
1780 1533 1852 1630 rue
1874 1532 2017 1608 nunno
2037 1548 2088 1632 oe

992 1636 1076 1712 tonis
1089 1631 1348 1730 nequeuntem
1362 1633 1483 1708 cudent
1495 1634 1546 1722 (Ι)

559 1859 602 1948 ln
619 1853 768 1947 nomine
781 1859 930 1966 domini,
941 1887 1063 1947 amen.
1090 1856 1151 1946 Ne
1168 1887 1213 1946 ea
1229 1887 1303 1978 quo
1319 1872 1485 1978 aguntur
1499 1861 1536 1947 in
1552 1847 1732 1976 tempore,
1746 1885 1816 1976 per
1830 1857 1976 1976 lapsum
1995 1871 2088 1946 tem·

456 1979 561 2098 poris
581 2007 606 2065 a
626 1981 805 2065 memoria
826 1977 1047 2083 dilabantur,
1078 1979 1348 2095 scripturarum
1364 1977 1575 2066 testimonio
1592 1976 1882 2094 perhennontur.
1903 1975 1940 2063 N
1943 1977 2088 2069 ouerint

456 2099 570 2231 igitur
589 2097 752 2184 uniuersi
769 2097 1007 2214 presencium
1029 2097 1204 2182 noticiam
1225 2094 1407 2181 habituri:
1440 2094 1559 2210 Quod
1579 2124 1651 2182 nos
1681 2093 1885 2200 Sbilntlrus,
1913 2094 1973 2182 dei
1994 2124 2086 2215 gre-

457 2243 517 2302 cre
536 2213 852 2301 wladislauiensis
874 2212 1037 2300 ecclesie
1056 2210 1284 2332 Episcopus,
1305 2211 1490 2300 bonorum
1513 2213 1675 2300 ecclesie
1692 2227 1818 2300 nostre
1848 2209 2084 2302 melioracio-

457 2329 567 2420 nibus
591 2331 786 2418 intendere
815 2331 1024 2448 cupientes,
1057 2329 1105 2418 de
1126 2331 1245 2419 nostri
1266 2330 1416 2450 capituli
1437 2329 1755 2419 wladislauiensis
1776 2331 1933 2418 consilio
1963 2341 2003 2418 et
2022 2361 2085 2420 as-

456 2461 589 2554 sensu3
619 2448 727 2536 villas
754 2464 905 2537 nostras
930 2461 968 2534 et
987 2448 1149 2537 ecclesie
1169 2463 1300 2537 nostre
1319 2447 1636 2538 wladislauiensis
1657 2447 1885 2565 supradicte,
1915 2445 2084 2538 videlice!

455 2569 615 2654 Sr'rorlro
636 2579 674 2654 et
692 2571 857 2664 Baucuo
880 2567 1100 2654 coniunctas
1122 2568 1156 2652 in
1175 2596 1307 2674 unam,
1329 2597 1441 2686 quam
1462 2571 1622 2654 Se'roslco
1643 2565 1816 2654 volumus
1841 2571 2084 2682 nunccupari,

454 2684 562 2774 sitam
583 2687 742 2772 interra
763 2683 910 2772 Siradie
931 2679 1005 2795 (2),
1036 2699 1271 2800 spectantem
1300 2699 1468 2774 nostram
1489 2683 1539 2772 ad
1561 2683 1816 2772 castellaniam
1841 2683 2083 2799 woyborien·

336 2887 342 2915 ¹
453 2833 547 2910 sem,
568 2802 735 2890 discreto
757 2801 1115 2900 dominoStanisleo
1136 2801 1334 2891 Michaelis
1355 2799 1404 2891 do
1424 2807 1595 2910 Siroslco,
1617 2803 1814 2890 exhibitori
1835 2801 2083 2920 presencium,
2154 2837 2158 2846 ¹

303 2930 352 2993 'i
456 2921 536 3009 ‘ure
566 2917 741 3008 tredeusi
777 2921 1021 3038 exposuimus
1056 2917 1276 3026 locandam,
1323 2921 1481 3010 sub'ea
1517 2951 1591 3042 que
1621 2921 1789 3040 sequitur
1825 2918 2081 3009 ordinacione.

447 2950 599 3126 bamus
627 3035 811 3156 siquidem
842 3037 942 3126 dicto
964 3037 1153 3124 Stanislao
1174 3037 1334 3128 sculteto
1356 3049 1394 3125 et
1414 3039 1492 3128 suis
1513 3040 1675 3158 posteris
1695 3039 1849 3126 racione
1878 3037 2082 3126 lococionis

453 3170 532 3246 tres
562 3187 717 3247 mansos
746 3157 885 3244 ldreros
913 3185 936 3242 a
964 3186 1102 3262 censu,
1128 3157 1214 3272 jure
1245 3155 1474 3246 hereditario
1504 3171 1687 3274 perpetuo
1713 3155 1875 3275 pacifice
1904 3171 1940 3242 et
1961 3157 2082 3274 quiete

452 3271 720 3393 possidendos.
770 3273 916 3362 Damus
943 3275 1062 3361 eciam
1092 3271 1251 3382 sculteto
1280 3274 1449 3393 predicto
1471 3291 1508 3364 et
1528 3277 1607 3363 suis
1628 3277 1792 3393 posteris
1813 3277 1849 3360 in
1871 3271 1970 3360 dicta
1995 3273 2082 3362 villa

452 3391 706 3480 molendinum
733 3393 818 3480 cum
847 3393 994 3510 piscina
1026 3391 1201 3497 liberum,
1242 3393 1274 3479 si
1306 3393 1474 3482 construi
1503 3394 1641 3510 poterit
1660 3393 1731 3480 ebs
1753 3391 1836 3506 (sic)
1858 3391 2023 3510 dompno
2044 3405 2082 3479 et

453 3507 719 3628 impedimento
740 3509 978 3598 kmethonum
1004 3511 1040 3597 in
1070 3511 1120 3598 ibi
1148 3509 1367 3600 locatorum.
1426 3511 1556 3600 lncolc
1586 3539 1679 3600 vero
1710 3512 1745 3598 in
1775 3511 1858 3628 ipsa
1878 3509 1965 3597 villa
1984 3511 2079 3598 resi·
2137 3529 2141 3534 ’

453 3626 588 3716 dentes
619 3625 667 3716 de
688 3630 793 3746 agris
814 3629 886 3716 iam
908 3629 1015 3718 cultis
1035 3629 1144 3716 trium
1163 3659 1368 3736 annorum,
1390 3660 1414 3718 a
1435 3628 1524 3717 datu
1545 3629 1780 3748 presencium
1803 3627 2079 3746 computando·

451 3775 552 3849 rum,
582 3743 633 3831 de
662 3747 768 3864 agris
788 3775 881 3834 vero
901 3776 977 3834 non
998 3748 1113 3836 exstir
1140 3749 1212 3835 atis
1233 3778 1301 3836 seu
1322 3745 1448 3836 adhuc
1469 3745 1720 3866 exstirpandis
1742 3745 1942 3836 duodecim
1972 3747 2078 3836 annis

451 3863 628 3952 continue
649 3863 904 3972 currentibus,
937 3778 1151 3952 omnimoda
1171 3863 1342 3956 libertate
1362 3863 1594 3986 gaudebuut.
1627 3865 1718 3980 Qua
1746 3866 1915 3954 libertate
1937 3863 2078 3983 elapsa,

451 3979 573 4070 incole
608 3981 803 4070 memorati
832 3983 943 4072 nobis
972 3998 1009 4072 et
1038 3982 1177 4072 nostris
1204 3985 1511 4089 successoribus,
1540 3985 1697 4072 racione
1729 4014 1887 4088 census,
1920 3982 2078 4070 infesto

450 4097 550 4188 beati
570 4099 722 4188 Martini
743 4101 983 4214 contessoris,
1006 4131 1074 4219 per
1094 4099 1294 4188 duodecim
1315 4133 1478 4222 grossos
1499 4116 1649 4194 monete
1670 4101 1906 4206 boemiceliS,
1927 4111 1964 4186 et
1980 4099 2078 4187 duos

450 4217 574 4421 pullos
603 4217 653 4304 ad
678 4219 811 4306 testum
839 4219 1113 4338 assumpcionis
1139 4219 1250 4308 beate
1278 4219 1401 4312 illarie
1421 4221 1594 4340 virginis
1624 4235 1662 4309 et
1681 4251 1750 4336 per
1777 4221 1910 4308 decem
1932 4245 2007 4306 oua
2026 4215 2077 4304 ed

464 4349 583 4424 estum
618 4336 771 4424 Pasche
796 4339 905 4424 annis
926 4339 1086 4456 singulis
1107 4338 1258 4426 soluere
1278 4340 1512 4428 tenebuntur.
1555 4337 1681 4452 Quem
1702 4368 1857 4426 censum
1878 4337 1960 4455 ipse
1980 4335 2078 4424 soul-

449 4467 549 4541 tetus
569 4483 653 4539 cum
674 4456 752 4542 suis
773 4455 935 4571 posteris
956 4455 1109 4574 colliget
1130 4471 1167 4543 et
1187 4456 1333 4575 exiget,
1354 4457 1537 4576 nobisque
1568 4471 1607 4544 et
1626 4458 1766 4546 nostris
1786 4454 2076 4545 successoribus

449 4569 680 4690 integraliter
709 4571 951 4687 presentabit
1001 4571 1190 4661 dedicabit
1220 4605 1373 4692 quoque
1402 4577 1484 4693 ipse
1503 4573 1685 4663 scultetus
1706 4605 1792 4662 cum
1812 4574 1891 4660 suis
1912 4572 2076 4688 posteris

551 4819 560 4904 l
568 4819 589 4904 ¹)
617 4819 665 4885 Ex
679 4827 881 4906 transsumpto
895 4823 1127 4888 membranaceo
1139 4843 1219 4888 anno
1237 4821 1318 4890 1398
1332 4822 1483 4903 coniecto,
1498 4823 1528 4890 in
1542 4805 1690 4892 tabulaiio
1704 4821 1826 4910 capituli
1840 4820 2075 4888 Wladislauien·

448 4907 489 4973 sis
504 4912 670 4973 asseruato.
714 4906 965 4992 Transsumptum
979 4906 1116 4973 videatur
1130 4907 1168 4973 ad
1183 4927 1210 4972 a.
1230 4905 1320 4974 1398.
