4926 5940
1150 666 1423 744 ..330-

471 889 511 963 ct
530 869 789 967 mnudnuimus
823 867 873 956 de
894 864 1084 959 uoluntate
1110 882 1148 959 et
1176 898 1368 958 consensu
1396 868 1565 985 porcium
1601 865 1871 988 predictorum,
1934 873 2099 990 ιιριιιιιιι

473 989 702 1110 temporibus
723 987 942 1093 duraturas,
973 985 1087 1076 modo
1108 988 1364 1106 infrascripto:
1395 985 1569 1074 videlicet
1596 985 1699 1102 quod
1726 899 1939 1078 huiusmodi
1964 991 2098 1080 limites

473 1123 512 1198 et
529 1109 787 1229 gruciclcs'uo
807 1106 995 1196 monticuli
1014 1108 1101 1195 inuti
1121 1121 1208 1194 sunt
1244 1108 1339 1192 inter
1359 1103 1466 1194 villos
1486 1103 1678 1221 predictus
1700 1111 1817 1217 Blcce
1837 1122 1875 1196 et
1903 1112 2097 1210 Seorsum·

473 1233 601 1324 amc,
631 1225 844 1344 incipiendo
863 1255 980 1427 sufer
999 1227 1118 1344 ripum
1139 1223 1239 1342 lluuij
1273 1229 1420 1326 Priora,
1451 1222 1512 1308 ubi
1543 1221 1682 1313 dictum
1712 1221 1865 1314 lluuium
1894 1231 2023 1314 lliozc
2042 1226 2097 1314 iu·

473 1356 546 1432 triu
570 1343 707 1431 lluuitm
735 1371 803 1430 seu
831 1344 913 1429 riuu
929 1373 973 1430 us
999 1341 1121 1430 dictus
1146 1349 1289 1456 Bloqa,
1325 1338 1570 1428 ascendendo
1591 1343 1766 1458 superius
1786 1340 1923 1430 dictum
1945 1343 2098 1432 lluuium

472 1467 595 1575 Bloqc
615 1491 684 1583 per
703 1460 859 1548 siluuum
881 1460 964 1574 (sic)
985 1460 1209 1579 progresiuc
1230 1458 1324 1571 (sic),
1345 1485 1418 1576 que
1442 1461 1567 1544 Olu‘ni
1583 1475 1840 1575 nunccupatur
1856 1461 1959 1572 (sic),
1989 1473 2026 1546 et
2045 1460 2096 1548 cb

470 1579 558 1668 inde
583 1607 652 1706 per
679 1579 831 1666 borram
863 1594 900 1665 et
929 1579 1105 1667 mericam
1135 1607 1211 1666 non
1240 1587 1384 1664 remote
1404 1604 1428 1662 u
1448 1575 1549 1664 dicto
1570 1575 1683 1664 lluuio
1702 1583 1837 1690 Btcoa.
1886 1579 2096 1698 Postquam

470 1713 594 1784 autem
615 1725 815 1784 ascensum
836 1697 945 1784 luerit
970 1725 1039 1815 per
1065 1696 1215 1783 borram
1238 1710 1275 1782 ct
1294 1694 1469 1781 moricum
1492 1695 1589 1782 ultra
1609 1723 1767 1812 compos
1786 1695 1872 1784 ville
1899 1701 2094 1784 Scortum·

471 1821 595 1919 esino,
616 1815 721 1932 ipsos
742 1843 899 1934 compos
921 1843 996 1902 nou
1017 1811 1211 1936 tangendo
1232 1811 1422 1930 usquead
1444 1814 1560 1919 viam,
1588 1839 1660 1926 que
1682 1815 1783 1902 durit
1813 1812 1861 1900 de
1887 1813 1972 1904 ville
1994 1818 2093 1902 Szu·
2152 1913 2165 1924 ,

471 1939 678 2020 rzauosino
697 1963 834 2020 versus
853 1937 991 2046 Blcqe,
1021 1947 1110 2020 tunc
1139 1932 1291 2022 ulterius
1311 1959 1380 2050 per
1399 1929 1559 2018 eundem
1578 1931 1732 2019 burrum
1752 1945 1787 2022 et
1810 1932 1984 2020 merioum
2003 1959 2094 2049 pro·

471 2054 642 2168 gresiue,
673 2081 748 2137 nun
776 2049 968 2170 tangendo
997 2051 1034 2138 in
1060 2050 1184 2162 aliquo
1212 2079 1371 2167 compos
1400 2049 1592 2162 utriusque
1613 2047 1716 2155 villo,
1747 2065 1821 2138 tum
1843 2055 1965 2163 Bloqe
1983 2073 2095 2162 quum

471 2172 772 2270 Szorzcnczriro,
803 2169 872 2256 sed
895 2169 1118 2284 progresiuc
1138 2197 1208 2285 per
1228 2167 1380 2254 burrum
1400 2197 1535 2255 versus
1556 2165 1803 2255 molendinum
1824 2167 1909 2254 ville
1930 2173 2094 2254 lixebo-

472 2303 567 2384 tow,
608 2284 710 2401 quod
738 2287 835 2371 iucet
863 2314 978 2400 super
1007 2283 1158 2370 lluuium
1189 2290 1363 2390 Trcstlm,
1400 2299 1438 2370 et
1466 2284 1628 2372 tenendo
1657 2283 1706 2372 cd
1735 2313 1883 2373 monum
1903 2284 2096 2373 sinistrum

473 2403 582 2508 vium,
605 2427 678 2512 que
699 2401 800 2488 ducit
820 2400 868 2486 de
888 2407 1172 2489 Szcrzunczino
1193 2431 1329 2496 versus
1351 2401 1471 2488 villum
1492 2409 1661 2508 Tricomia,
1683 2427 1879 2524 quousque
1899 2402 2006 2489 luerit
2027 2400 2094 2489 de-

320 2569 326 2582 ·
472 2535 620 2608 uentum
641 2517 691 2605 cd
712 2519 835 2606 locum
857 2520 959 2606 circa
980 2519 1138 2608 condem
1158 2521 1274 2625 vium,
1306 2519 1367 2605 ubi
1394 2535 1471 2606 tres
1501 2519 1688 2606 monticuli
1710 2522 1859 2642 magni,
1890 2520 2094 2638 invulgati

473 2641 615 2750 Copcze
634 2666 702 2721 scu
731 2643 1004 2750 Wuuqelm'cze‚
1024 2653 1110 2725 sunt
1129 2637 1330 2757 lucti‚.qui
1351 2637 1505 2723 limitent
1525 2669 1592 2724 seu
1614 2635 1782 2726 diuidunt
1803 2635 1910 2724 villos
1931 2635 2091 2723 ecclesie

469 2767 507 2842 ct
520 2753 667 2872 capituli
683 2753 997 2842 wladislauiensis
1012 2760 1314 2858 Szcrrancztirm
1336 2759 1644 2857 Swodziseuicze,
1666 2760 1935 2854 Smarsecr'cze,
1956 2757 2090 2868 Sicco·

368 2917 373 2924 ·
469 2878 592 2958 czicze
611 2886 648 2958 et
669 2877 829 2958 Twcrdu
849 2872 897 2959 eb
919 2902 1011 2978 unc,
1033 2886 1068 2960 et
1089 2873 1196 2962 villus
1216 2869 1453 2960 dominorum
1476 2871 1657 2959 Dobeslsi
1679 2872 1728 2960 de
1748 2879 1878 2986 Βὶοᾳο,
1904 2871 2090 2958 Pincerne

470 2987 706 3094 siradiensis,
738 3003 775 3074 et
806 2987 1003 3076 Michaelis
1031 2988 1078 3077 dc
1106 2998 1285 3088 Bedunia,
1325 2996 1441 3102 Bloqe
1469 3004 1507 3076 et
1529 2996 1744 3077 Trzebotow
1765 3005 1873 3106 purte
1893 2989 1942 3076 ub
1963 2989 2090 3076 ultera:

470 3119 505 3193 et
541 3103 688 3192 demum
725 3105 980 3194 continuando
1014 3107 1221 3223 predictum
1251 3109 1447 3224 parietem,
1479 3121 1516 3193 et
1544 3107 1756 3226 incipiendo
1785 3137 1808 3194 e
1840 3105 1949 3194 dictis
1976 3105 2091 3193 tribus

469 3223 617 3342 mugnis
656 3224 880 3325 monticulis,
912 3223 1044 3312 limites
1065 3237 1102 3310 et
1121 3225 1311 3344 granicics
1331 3253 1399 3314 seu
1421 3224 1608 3312 monticuli
1645 3255 1715 3344 per
1742 3225 1924 3344 prelatum
1951 3221 2092 3310 tasto-

469 3370 552 3428 uem
573 3338 836 3458 Rcdwenslry‚
860 3339 1116 3438 Communium
1138 3355 1325 3446 nostrum,
1345 3355 1382 3430 et
1401 3339 1679 3430 Ministen'olem
1700 3371 1768 3428 seu
1790 3339 1999 3430 Officiolem
2018 3337 2093 3428 Lo·

468 3457 591 3563 bodo,
625 3459 709 3544 inuti
732 3475 817 3546 sunt
838 3461 1063 3579 progresiuc
1082 3489 1218 3549 versus
1239 3457 1488 3548 molendinum
1509 3457 1648 3546 domini
1669 3457 1865 3547 Michaelis
1894 3457 1943 3546 de
1963 3465 2091 3546 Rodu-

468 3607 538 3679 uc,
560 3571 662 3689 quod
682 3575 781 3662 iacet
801 3607 917 3695 super
937 3577 1088 3666 lluuium
1110 3584 1281 3666 Trestlctc
1301 3577 1402 3690 (sic),
1433 3591 1471 3666 et
1490 3578 1640 3666 inferius
1661 3577 1799 3688 dictum
1827 3574 2090 3677 molendinum,

461 3691 756 3810 pertransiendo
793 3689 931 3780 dictum
966 3694 1117 3782 fluuium
1147 3701 1334 3802 Trerttrtu,
1370 3697 1557 3784 utstatim
1587 3725 1704 3811 super
1731 3697 1848 3811 ripum
1875 3693 1963 3784 dicti
1989 3692 2090 3810 lluuij

469 3813 656 3908 Trertletc,
678 3808 841 3898 tenendo
862 3807 1011 3898 lluuium
1032 3811 1082 3898 ud
1105 3839 1252 3898 menum
1274 3811 1461 3917 dextrum,
1493 3811 1737 3901 ascendendo
1757 3811 1929 3929 superius
1949 3809 2088 3896 dictum

467 3926 619 4016 lluuium
642 3931 814 4014 Trertkto
842 3953 957 4044 super
989 3929 1110 4046 ripum
1131 3927 1297 4019 eiusdem
1328 3927 1428 4046 lluuij
1458 3929 1723 4047 perbonam,
1755 3931 1932 4020 moricum
1959 3942 1997 4016 et
2020 3927 2086 4015 sil·

467 4043 664 4156 uuoslsic),
681 4071 726 4132 us
754 4073 801 4132 ue
817 4073 864 4132 ex
885 4047 1061 4164 opposito
1080 4044 1166 4134 ville
1187 4053 1422 4150 eretcrou,
1444 4061 1481 4140 et
1501 4047 1654 4138 ulterius
1676 4047 1899 4165 progrcsiue
1918 4043 1968 4134 ud
1984 4071 2089 4134 umn-

466 4160 617 4250 ticulum
642 4162 680 4248 in
706 4075 845 4282 tilgcri
872 4169 1140 4277 ucreqetoiczc,
1175 4165 1237 4283 qui
1264 4163 1395 4252 diuidit
1417 4163 1524 4258 villus
1552 4171 1781 4262 Trzettotow,
1805 4167 2089 4278 chcoczkowo

466 4305 536 4366 seu
556 4285 972 4391 chunuskowskouotc
1002 4283 1105 4393 (sic),
1136 4295 1174 4370 et
1200 4282 1325 4372 villcm
1335 4281 1497 4372 ecclesie
1524 4295 1562 4368 et
1591 4281 1740 4398 capituli
1761 4279 2090 4372 Wledisleuicosis

467 4392 603 4484 dictem
627 4402 810 4500 Twcr'dc,
831 4396 1016 4516 siquidem
1036 4398 1169 4516 prelati
1188 4398 1396 4504 monticuli,
1426 4400 1616 4518 granicies
1637 4413 1676 4490 et
1694 4399 1847 4504 limites,
1878 4413 1919 4489 ut
1984 4396 2088 4484 emit·

467 4513 568 4617 titur,
600 4515 686 4600 tecti
712 4515 814 4600 iuxta
836 4514 933 4630 juris
961 4515 1117 4602 lormum
1148 4529 1185 4602 et
1213 4531 1312 4603 terre
1333 4515 1661 4622 consuetudinem,
1691 4514 1860 4603 diuiduut
1878 4530 1916 4604 et
1949 4515 1957 4531 '
1998 4515 2090 4601 itunt

466 4627 574 4716 villus
614 4627 776 4718 ecclesie
811 4643 848 4716 ct
883 4631 1033 4748 capituli
1072 4629 1396 4738 Wludisluuiensis
1431 4637 1733 4739 Secrrancziuo,
1774 4637 2087 4732 scaccorum,

467 4747 740 4848 Smwsmrrcre,
769 4751 1010 4861 Stuqoon’oze
1035 4745 1073 4838 cl
1102 4753 1264 4841 merda
1289 4749 1338 4836 ab
1360 4777 1447 4858 una,
1466 4763 1505 4838 et
1524 4735 1630 4840 villus
1650 4747 1885 4842 dominorum
1904 4747 2088 4838 Dubestni
2117 4785 2125 4800 ·
