<?xml version="1.0" encoding="UTF-8"?>
<!DOCTYPE html PUBLIC "-//W3C//DTD XHTML 1.0 Transitional//EN"
    "http://www.w3.org/TR/xhtml1/DTD/xhtml1-transitional.dtd">
<html xmlns="http://www.w3.org/1999/xhtml" xml:lang="en" lang="en">
 <head>
  <title>
</title>
<meta http-equiv="Content-Type" content="text/html;charset=utf-8" />
  <meta name='ocr-system' content='tesseract 3.04.00' />
  <meta name='ocr-capabilities' content='ocr_page ocr_carea ocr_par ocr_line ocrx_word'/>
</head>
<body>
  <div class='ocr_page' id='page_1' title='image "./codexdiplomatic01bartgoog_0304.png"; bbox 0 0 4876 5940; ppageno 0'>
   <div class='ocr_carea' id='block_1_1' title="bbox 1161 715 1431 790">
    <p class='ocr_par' dir='ltr' id='par_1_1' title="bbox 1161 715 1431 790">
     <span class='ocr_line' id='line_1_1' title="bbox 1161 715 1431 790; baseline -0.004 0"><span class='ocrx_word' id='word_1_1' title='bbox 1161 715 1431 790; x_wconf 77' lang='lat'><strong>-258-</strong></span> 
     </span>
    </p>
   </div>
   <div class='ocr_carea' id='block_1_2' title="bbox 417 916 2096 1396">
    <p class='ocr_par' dir='ltr' id='par_1_2' title="bbox 417 916 2096 1396">
     <span class='ocr_line' id='line_1_2' title="bbox 417 916 2096 1037; baseline -0.001 -26"><span class='ocrx_word' id='word_1_2' title='bbox 417 997 427 1020; x_wconf 88' lang='lat'><strong>.</strong></span> <span class='ocrx_word' id='word_1_3' title='bbox 501 951 615 1011; x_wconf 89' lang='lat' dir='ltr'>sensu</span> <span class='ocrx_word' id='word_1_4' title='bbox 635 919 780 1037; x_wconf 89' lang='lat' dir='ltr'>capituli</span> <span class='ocrx_word' id='word_1_5' title='bbox 802 919 877 1024; x_wconf 90' lang='lat' dir='ltr'>sui,</span> <span class='ocrx_word' id='word_1_6' title='bbox 908 917 1023 1005; x_wconf 90' lang='lat' dir='ltr'>nostri</span> <span class='ocrx_word' id='word_1_7' title='bbox 1053 933 1258 1005; x_wconf 90' lang='lat' dir='ltr'>conuentus</span> <span class='ocrx_word' id='word_1_8' title='bbox 1286 917 1448 1006; x_wconf 91' lang='lat' dir='ltr'>similiter</span> <span class='ocrx_word' id='word_1_9' title='bbox 1467 945 1654 1006; x_wconf 87' lang='lat' dir='ltr'>consensu</span> <span class='ocrx_word' id='word_1_10' title='bbox 1675 917 1898 1026; x_wconf 76' lang='lat' dir='ltr'>accedente,</span> <span class='ocrx_word' id='word_1_11' title='bbox 1928 916 2096 1009; x_wconf 89' lang='lat' dir='ltr'>dedicta</span> 
     </span>
     <span class='ocr_line' id='line_1_3' title="bbox 500 1033 2096 1154; baseline 0.001 -27"><span class='ocrx_word' id='word_1_12' title='bbox 500 1040 586 1128; x_wconf 88' lang='lat' dir='ltr'>villa</span> <span class='ocrx_word' id='word_1_13' title='bbox 606 1054 732 1126; x_wconf 91' lang='lat' dir='ltr'>nostra</span> <span class='ocrx_word' id='word_1_14' title='bbox 760 1043 865 1151; x_wconf 77' lang='lat' dir='ltr'>Lonq</span> <span class='ocrx_word' id='word_1_15' title='bbox 891 1051 928 1124; x_wconf 88' lang='lat' dir='ltr'>et</span> <span class='ocrx_word' id='word_1_16' title='bbox 948 1053 1090 1154; x_wconf 89' lang='lat' dir='ltr'>septem</span> <span class='ocrx_word' id='word_1_17' title='bbox 1112 1033 1301 1124; x_wconf 91' lang='lat' dir='ltr'>maldratis</span> <span class='ocrx_word' id='word_1_18' title='bbox 1330 1038 1486 1124; x_wconf 86' lang='lat' dir='ltr'>interra</span> <span class='ocrx_word' id='word_1_19' title='bbox 1515 1038 1680 1152; x_wconf 88' lang='lat' dir='ltr'>Cuyauie</span> <span class='ocrx_word' id='word_1_20' title='bbox 1700 1037 1925 1141; x_wconf 88' lang='lat' dir='ltr'>iacentibus,</span> <span class='ocrx_word' id='word_1_21' title='bbox 1953 1037 2096 1128; x_wconf 90' lang='lat' dir='ltr'>invilla</span> 
     </span>
     <span class='ocr_line' id='line_1_4' title="bbox 496 1154 2095 1277; baseline -0.001 -31"><span class='ocrx_word' id='word_1_22' title='bbox 496 1158 631 1246; x_wconf 93' lang='lat' dir='ltr'>domini</span> <span class='ocrx_word' id='word_1_23' title='bbox 651 1155 754 1277; x_wconf 81' lang='lat' dir='ltr'>regis</span> <span class='ocrx_word' id='word_1_24' title='bbox 767 1169 971 1274; x_wconf 70' lang='lat' dir='ltr'>prenotate,</span> <span class='ocrx_word' id='word_1_25' title='bbox 988 1154 1037 1241; x_wconf 92' lang='lat' dir='ltr'>ad</span> <span class='ocrx_word' id='word_1_26' title='bbox 1059 1171 1224 1242; x_wconf 90' lang='lat' dir='ltr'>nostrum</span> <span class='ocrx_word' id='word_1_27' title='bbox 1245 1155 1505 1243; x_wconf 89' lang='lat' dir='ltr'>monasterium</span> <span class='ocrx_word' id='word_1_28' title='bbox 1521 1185 1588 1242; x_wconf 89' lang='lat' dir='ltr'>seu</span> <span class='ocrx_word' id='word_1_29' title='bbox 1607 1155 1804 1243; x_wconf 90' lang='lat' dir='ltr'>ecclesiam</span> <span class='ocrx_word' id='word_1_30' title='bbox 1826 1157 2095 1272; x_wconf 79' lang='lat' dir='ltr'>spectantibus,</span> 
     </span>
     <span class='ocr_line' id='line_1_5' title="bbox 496 1271 2096 1396; baseline 0 -32"><span class='ocrx_word' id='word_1_31' title='bbox 496 1277 809 1396; x_wconf 87' lang='lat' dir='ltr'>permutacionem</span> <span class='ocrx_word' id='word_1_32' title='bbox 821 1275 972 1360; x_wconf 89' lang='lat' dir='ltr'>lecimus</span> <span class='ocrx_word' id='word_1_33' title='bbox 993 1273 1092 1360; x_wconf 89' lang='lat' dir='ltr'>iuxta</span> <span class='ocrx_word' id='word_1_34' title='bbox 1113 1272 1263 1360; x_wconf 92' lang='lat' dir='ltr'>modum</span> <span class='ocrx_word' id='word_1_35' title='bbox 1282 1273 1562 1390; x_wconf 79' lang='lat' dir='ltr'>infrascriptum.</span> <span class='ocrx_word' id='word_1_36' title='bbox 1593 1271 1725 1362; x_wconf 82' lang='lat' dir='ltr'>Eidem</span> <span class='ocrx_word' id='word_1_37' title='bbox 1746 1271 1927 1394; x_wconf 87' lang='lat' dir='ltr'>siquidem</span> <span class='ocrx_word' id='word_1_38' title='bbox 1946 1272 2096 1365; x_wconf 89' lang='lat' dir='ltr'>domino</span> 
     </span>
    </p>
   </div>
   <div class='ocr_carea' id='block_1_3' title="bbox 493 1391 2207 4948">
    <p class='ocr_par' dir='ltr' id='par_1_3' title="bbox 493 1391 2207 4948">
     <span class='ocr_line' id='line_1_6' title="bbox 496 1391 2096 1514; baseline 0.001 -32"><span class='ocrx_word' id='word_1_39' title='bbox 496 1423 696 1513; x_wconf 75' lang='lat' dir='ltr'>episcopo,</span> <span class='ocrx_word' id='word_1_40' title='bbox 718 1393 882 1480; x_wconf 86' lang='lat' dir='ltr'>ecclesie</span> <span class='ocrx_word' id='word_1_41' title='bbox 904 1423 972 1479; x_wconf 92' lang='lat' dir='ltr'>sue</span> <span class='ocrx_word' id='word_1_42' title='bbox 992 1391 1156 1510; x_wconf 85' lang='lat' dir='ltr'>predicte</span> <span class='ocrx_word' id='word_1_43' title='bbox 1177 1393 1343 1496; x_wconf 91' lang='lat' dir='ltr'>nomine,</span> <span class='ocrx_word' id='word_1_44' title='bbox 1369 1391 1556 1494; x_wconf 90' lang='lat' dir='ltr'>dedimus,</span> <span class='ocrx_word' id='word_1_45' title='bbox 1583 1391 1800 1482; x_wconf 80' lang='lat' dir='ltr'>tradidimus</span> <span class='ocrx_word' id='word_1_46' title='bbox 1830 1408 1867 1480; x_wconf 89' lang='lat' dir='ltr'>et</span> <span class='ocrx_word' id='word_1_47' title='bbox 1887 1393 2096 1514; x_wconf 81' lang='lat' dir='ltr'>resignaui·</span> 
     </span>
     <span class='ocr_line' id='line_1_7' title="bbox 495 1509 2095 1630; baseline 0 -30"><span class='ocrx_word' id='word_1_48' title='bbox 495 1543 576 1602; x_wconf 92' lang='lat' dir='ltr'>mus</span> <span class='ocrx_word' id='word_1_49' title='bbox 598 1511 801 1630; x_wconf 88' lang='lat' dir='ltr'>predictam</span> <span class='ocrx_word' id='word_1_50' title='bbox 822 1509 954 1615; x_wconf 89' lang='lat' dir='ltr'>villam,</span> <span class='ocrx_word' id='word_1_51' title='bbox 968 1512 1246 1628; x_wconf 89' lang='lat' dir='ltr'>possessionem</span> <span class='ocrx_word' id='word_1_52' title='bbox 1268 1542 1333 1600; x_wconf 93' lang='lat' dir='ltr'>seu</span> <span class='ocrx_word' id='word_1_53' title='bbox 1351 1511 1589 1600; x_wconf 86' lang='lat' dir='ltr'>hereditatem</span> <span class='ocrx_word' id='word_1_54' title='bbox 1607 1527 1772 1600; x_wconf 87' lang='lat' dir='ltr'>nostram</span> <span class='ocrx_word' id='word_1_55' title='bbox 1788 1517 1990 1626; x_wconf 53' lang='lat' dir='ltr'>talpona</span> <span class='ocrx_word' id='word_1_56' title='bbox 2011 1542 2095 1600; x_wconf 93' lang='lat' dir='ltr'>cum</span> 
     </span>
     <span class='ocr_line' id='line_1_8' title="bbox 495 1627 2207 1748; baseline -0.003 -26"><span class='ocrx_word' id='word_1_57' title='bbox 495 1647 637 1748; x_wconf 91' lang='lat' dir='ltr'>septem</span> <span class='ocrx_word' id='word_1_58' title='bbox 657 1630 847 1718; x_wconf 88' lang='lat' dir='ltr'>maldratis</span> <span class='ocrx_word' id='word_1_59' title='bbox 877 1629 1116 1718; x_wconf 83' lang='lat' dir='ltr'>decimalibus</span> <span class='ocrx_word' id='word_1_60' title='bbox 1138 1629 1313 1746; x_wconf 86' lang='lat' dir='ltr'>predictis</span> <span class='ocrx_word' id='word_1_61' title='bbox 1334 1631 1370 1716; x_wconf 92' lang='lat' dir='ltr'>in</span> <span class='ocrx_word' id='word_1_62' title='bbox 1390 1631 1529 1747; x_wconf 89' lang='lat' dir='ltr'>prelata</span> <span class='ocrx_word' id='word_1_63' title='bbox 1554 1633 1678 1734; x_wconf 84' lang='lat' dir='ltr'>Clobn,</span> <span class='ocrx_word' id='word_1_64' title='bbox 1706 1627 1757 1718; x_wconf 93' lang='lat' dir='ltr'>ad</span> <span class='ocrx_word' id='word_1_65' title='bbox 1777 1643 1944 1717; x_wconf 90' lang='lat' dir='ltr'>nostrum</span> <span class='ocrx_word' id='word_1_66' title='bbox 1966 1633 2095 1718; x_wconf 83' lang='lat' dir='ltr'>mona·</span> <span class='ocrx_word' id='word_1_67' title='bbox 2205 1685 2207 1690; x_wconf 93' lang='lat'>-</span> 
     </span>
     <span class='ocr_line' id='line_1_9' title="bbox 494 1748 2095 1866; baseline -0.005 -24"><span class='ocrx_word' id='word_1_68' title='bbox 494 1752 642 1844; x_wconf 87' lang='lat' dir='ltr'>sterium</span> <span class='ocrx_word' id='word_1_69' title='bbox 664 1748 933 1866; x_wconf 85' lang='lat' dir='ltr'>spectantibus,</span> <span class='ocrx_word' id='word_1_70' title='bbox 964 1748 1076 1863; x_wconf 83' lang='lat' dir='ltr'>tytulo</span> <span class='ocrx_word' id='word_1_71' title='bbox 1099 1750 1403 1866; x_wconf 77' lang='lat' dir='ltr'>permutacioniS,</span> <span class='ocrx_word' id='word_1_72' title='bbox 1432 1779 1516 1836; x_wconf 95' lang='lat' dir='ltr'>cum</span> <span class='ocrx_word' id='word_1_73' title='bbox 1536 1748 1706 1834; x_wconf 91' lang='lat' dir='ltr'>omnibus</span> <span class='ocrx_word' id='word_1_74' title='bbox 1726 1749 1882 1860; x_wconf 86' lang='lat' dir='ltr'>iuribus,</span> <span class='ocrx_word' id='word_1_75' title='bbox 1908 1748 2095 1856; x_wconf 77' lang='lat' dir='ltr'>lructibuS,</span> 
     </span>
     <span class='ocr_line' id='line_1_10' title="bbox 493 1861 2096 1986; baseline -0.001 -31"><span class='ocrx_word' id='word_1_76' title='bbox 493 1868 714 1972; x_wconf 88' lang='lat' dir='ltr'>utilitatibus,</span> <span class='ocrx_word' id='word_1_77' title='bbox 734 1870 861 1984; x_wconf 89' lang='lat' dir='ltr'>pratis,</span> <span class='ocrx_word' id='word_1_78' title='bbox 883 1867 1105 1968; x_wconf 90' lang='lat' dir='ltr'>nemoribus,</span> <span class='ocrx_word' id='word_1_79' title='bbox 1127 1865 1329 1982; x_wconf 87' lang='lat' dir='ltr'>ruellilrcijs,</span> <span class='ocrx_word' id='word_1_80' title='bbox 1352 1868 1629 1984; x_wconf 88' lang='lat' dir='ltr'>piscacionibus</span> <span class='ocrx_word' id='word_1_81' title='bbox 1650 1869 1685 1953; x_wconf 95' lang='lat' dir='ltr'>in</span> <span class='ocrx_word' id='word_1_82' title='bbox 1710 1873 1812 1955; x_wconf 81' lang='lat' dir='ltr'>-Vr&#39;slo</span> <span class='ocrx_word' id='word_1_83' title='bbox 1832 1883 1867 1954; x_wconf 91' lang='lat' dir='ltr'>et</span> <span class='ocrx_word' id='word_1_84' title='bbox 1883 1866 1965 1982; x_wconf 81' lang='lat' dir='ltr'>alijs</span> <span class='ocrx_word' id='word_1_85' title='bbox 1979 1861 2096 1986; x_wconf 84' lang='lat' dir='ltr'>aquis,</span> 
     </span>
     <span class='ocr_line' id='line_1_11' title="bbox 495 1985 2098 2104; baseline -0.001 -30"><span class='ocrx_word' id='word_1_86' title='bbox 495 1985 705 2074; x_wconf 92' lang='lat' dir='ltr'>molendino</span> <span class='ocrx_word' id='word_1_87' title='bbox 727 2015 875 2103; x_wconf 89' lang='lat' dir='ltr'>quoque</span> <span class='ocrx_word' id='word_1_88' title='bbox 896 1999 931 2072; x_wconf 87' lang='lat' dir='ltr'>et</span> <span class='ocrx_word' id='word_1_89' title='bbox 952 1987 1090 2071; x_wconf 85' lang='lat' dir='ltr'>minere</span> <span class='ocrx_word' id='word_1_90' title='bbox 1111 1985 1215 2087; x_wconf 82' lang='lat' dir='ltr'>terri,</span> <span class='ocrx_word' id='word_1_91' title='bbox 1244 2014 1291 2070; x_wconf 92' lang='lat' dir='ltr'>ac</span> <span class='ocrx_word' id='word_1_92' title='bbox 1311 1985 1392 2102; x_wconf 87' lang='lat' dir='ltr'>alijs</span> <span class='ocrx_word' id='word_1_93' title='bbox 1413 1987 1598 2073; x_wconf 88' lang='lat' dir='ltr'>uniuersis</span> <span class='ocrx_word' id='word_1_94' title='bbox 1628 1999 1664 2072; x_wconf 87' lang='lat' dir='ltr'>et</span> <span class='ocrx_word' id='word_1_95' title='bbox 1686 1986 1842 2104; x_wconf 76' lang='lat' dir='ltr'>singulis</span> <span class='ocrx_word' id='word_1_96' title='bbox 1863 1985 2098 2102; x_wconf 69' lang='lat' dir='ltr'>pertinenciis</span> 
     </span>
     <span class='ocr_line' id='line_1_12' title="bbox 496 2102 2097 2222; baseline -0.001 -30"><span class='ocrx_word' id='word_1_97' title='bbox 496 2106 585 2208; x_wconf 89' lang='lat' dir='ltr'>suis,</span> <span class='ocrx_word' id='word_1_98' title='bbox 606 2134 678 2222; x_wconf 90' lang='lat' dir='ltr'>que</span> <span class='ocrx_word' id='word_1_99' title='bbox 694 2133 791 2190; x_wconf 90' lang='lat' dir='ltr'>nunc</span> <span class='ocrx_word' id='word_1_100' title='bbox 807 2103 995 2203; x_wconf 88' lang='lat' dir='ltr'>habentur,</span> <span class='ocrx_word' id='word_1_101' title='bbox 1013 2102 1070 2195; x_wconf 88' lang='lat' dir='ltr'>vel</span> <span class='ocrx_word' id='word_1_102' title='bbox 1088 2104 1122 2188; x_wconf 91' lang='lat' dir='ltr'>in</span> <span class='ocrx_word' id='word_1_103' title='bbox 1139 2119 1326 2219; x_wconf 86' lang='lat' dir='ltr'>posterum</span> <span class='ocrx_word' id='word_1_104' title='bbox 1342 2117 1515 2220; x_wconf 87' lang='lat' dir='ltr'>poterunt</span> <span class='ocrx_word' id='word_1_105' title='bbox 1534 2105 1699 2220; x_wconf 86' lang='lat' dir='ltr'>reperiri.</span> <span class='ocrx_word' id='word_1_106' title='bbox 1734 2104 1792 2189; x_wconf 79' lang='lat' dir='ltr'>Ab</span> <span class='ocrx_word' id='word_1_107' title='bbox 1814 2106 1897 2220; x_wconf 90' lang='lat' dir='ltr'>ipso</span> <span class='ocrx_word' id='word_1_108' title='bbox 1919 2133 2012 2192; x_wconf 85' lang='lat' dir='ltr'>uero</span> <span class='ocrx_word' id='word_1_109' title='bbox 2028 2104 2097 2190; x_wconf 90' lang='lat' dir='ltr'>do-</span> 
     </span>
     <span class='ocr_line' id='line_1_13' title="bbox 498 2221 2097 2338; baseline 0.001 -29"><span class='ocrx_word' id='word_1_110' title='bbox 498 2224 595 2309; x_wconf 91' lang='lat' dir='ltr'>mino</span> <span class='ocrx_word' id='word_1_111' title='bbox 617 2224 808 2338; x_wconf 86' lang='lat' dir='ltr'>episcopo,</span> <span class='ocrx_word' id='word_1_112' title='bbox 829 2221 987 2308; x_wconf 90' lang='lat' dir='ltr'>ecclesie</span> <span class='ocrx_word' id='word_1_113' title='bbox 1008 2253 1075 2307; x_wconf 92' lang='lat' dir='ltr'>sue</span> <span class='ocrx_word' id='word_1_114' title='bbox 1096 2223 1259 2325; x_wconf 89' lang='lat' dir='ltr'>nomine,</span> <span class='ocrx_word' id='word_1_115' title='bbox 1280 2221 1405 2310; x_wconf 88' lang='lat' dir='ltr'>habito</span> <span class='ocrx_word' id='word_1_116' title='bbox 1427 2237 1569 2309; x_wconf 89' lang='lat' dir='ltr'>maturo</span> <span class='ocrx_word' id='word_1_117' title='bbox 1591 2222 1745 2309; x_wconf 88' lang='lat' dir='ltr'>consilio</span> <span class='ocrx_word' id='word_1_118' title='bbox 1767 2237 1803 2308; x_wconf 88' lang='lat' dir='ltr'>et</span> <span class='ocrx_word' id='word_1_119' title='bbox 1822 2221 2097 2310; x_wconf 87' lang='lat' dir='ltr'>deliberacione</span> 
     </span>
     <span class='ocr_line' id='line_1_14' title="bbox 496 2338 2098 2456; baseline -0.001 -27"><span class='ocrx_word' id='word_1_120' title='bbox 496 2340 707 2448; x_wconf 85' lang='lat' dir='ltr'>sufficienti,</span> <span class='ocrx_word' id='word_1_121' title='bbox 736 2339 784 2425; x_wconf 88' lang='lat' dir='ltr'>dc</span> <span class='ocrx_word' id='word_1_122' title='bbox 804 2369 990 2427; x_wconf 89' lang='lat' dir='ltr'>consensu</span> <span class='ocrx_word' id='word_1_123' title='bbox 1011 2338 1158 2456; x_wconf 90' lang='lat' dir='ltr'>capituli</span> <span class='ocrx_word' id='word_1_124' title='bbox 1178 2342 1251 2446; x_wconf 92' lang='lat' dir='ltr'>sui,</span> <span class='ocrx_word' id='word_1_125' title='bbox 1279 2343 1394 2428; x_wconf 89' lang='lat' dir='ltr'>nostri</span> <span class='ocrx_word' id='word_1_126' title='bbox 1416 2357 1621 2429; x_wconf 91' lang='lat' dir='ltr'>conuentus</span> <span class='ocrx_word' id='word_1_127' title='bbox 1641 2341 1803 2428; x_wconf 83' lang='lat' dir='ltr'>similiter</span> <span class='ocrx_word' id='word_1_128' title='bbox 1824 2369 2014 2428; x_wconf 91' lang='lat' dir='ltr'>consensu</span> <span class='ocrx_word' id='word_1_129' title='bbox 2034 2369 2098 2428; x_wconf 86' lang='lat' dir='ltr'>ac·</span> 
     </span>
     <span class='ocr_line' id='line_1_15' title="bbox 497 2457 2097 2577; baseline -0.001 -30"><span class='ocrx_word' id='word_1_130' title='bbox 497 2458 665 2561; x_wconf 90' lang='lat' dir='ltr'>cedente,</span> <span class='ocrx_word' id='word_1_131' title='bbox 685 2488 753 2576; x_wconf 90' lang='lat' dir='ltr'>pro</span> <span class='ocrx_word' id='word_1_132' title='bbox 775 2459 944 2546; x_wconf 90' lang='lat' dir='ltr'>omnibus</span> <span class='ocrx_word' id='word_1_133' title='bbox 965 2473 1001 2546; x_wconf 91' lang='lat' dir='ltr'>et</span> <span class='ocrx_word' id='word_1_134' title='bbox 1020 2459 1176 2577; x_wconf 80' lang='lat' dir='ltr'>singulis</span> <span class='ocrx_word' id='word_1_135' title='bbox 1198 2457 1383 2574; x_wconf 91' lang='lat' dir='ltr'>predictis,</span> <span class='ocrx_word' id='word_1_136' title='bbox 1405 2459 1510 2547; x_wconf 90' lang='lat' dir='ltr'>simili</span> <span class='ocrx_word' id='word_1_137' title='bbox 1532 2458 1647 2575; x_wconf 82' lang='lat' dir='ltr'>tytulo</span> <span class='ocrx_word' id='word_1_138' title='bbox 1670 2459 1969 2577; x_wconf 89' lang='lat' dir='ltr'>permutacionis,</span> <span class='ocrx_word' id='word_1_139' title='bbox 1990 2489 2097 2572; x_wconf 81' lang='lat' dir='ltr'>rece·</span> 
     </span>
     <span class='ocr_line' id='line_1_16' title="bbox 494 2576 2096 2696; baseline 0.001 -34"><span class='ocrx_word' id='word_1_140' title='bbox 494 2581 616 2696; x_wconf 91' lang='lat' dir='ltr'>pimus</span> <span class='ocrx_word' id='word_1_141' title='bbox 646 2577 781 2664; x_wconf 89' lang='lat' dir='ltr'>dictam</span> <span class='ocrx_word' id='word_1_142' title='bbox 808 2576 928 2666; x_wconf 90' lang='lat' dir='ltr'>villam</span> <span class='ocrx_word' id='word_1_143' title='bbox 959 2579 1073 2693; x_wconf 89' lang='lat' dir='ltr'>ipsius</span> <span class='ocrx_word' id='word_1_144' title='bbox 1107 2582 1336 2682; x_wconf 81' lang='lat' dir='ltr'>Godzcsooo,</span> <span class='ocrx_word' id='word_1_145' title='bbox 1357 2609 1431 2676; x_wconf 19' lang='lat' dir='ltr'>,una</span> <span class='ocrx_word' id='word_1_146' title='bbox 1452 2609 1535 2664; x_wconf 91' lang='lat' dir='ltr'>cum</span> <span class='ocrx_word' id='word_1_147' title='bbox 1558 2580 1718 2664; x_wconf 88' lang='lat' dir='ltr'>ecclesia</span> <span class='ocrx_word' id='word_1_148' title='bbox 1748 2591 1786 2664; x_wconf 89' lang='lat' dir='ltr'>ot</span> <span class='ocrx_word' id='word_1_149' title='bbox 1806 2577 1950 2664; x_wconf 89' lang='lat' dir='ltr'>decima</span> <span class='ocrx_word' id='word_1_150' title='bbox 1978 2579 2096 2694; x_wconf 88' lang='lat' dir='ltr'>ipsius</span> 
     </span>
     <span class='ocr_line' id='line_1_17' title="bbox 497 2694 2098 2815; baseline 0 -32"><span class='ocrx_word' id='word_1_151' title='bbox 497 2697 668 2800; x_wconf 88' lang='lat' dir='ltr'>ecclesie,</span> <span class='ocrx_word' id='word_1_152' title='bbox 689 2697 768 2782; x_wconf 89' lang='lat' dir='ltr'>iure</span> <span class='ocrx_word' id='word_1_153' title='bbox 790 2725 938 2815; x_wconf 88' lang='lat' dir='ltr'>quoque</span> <span class='ocrx_word' id='word_1_154' title='bbox 958 2711 1192 2812; x_wconf 87' lang='lat' dir='ltr'>patronatus,</span> <span class='ocrx_word' id='word_1_155' title='bbox 1212 2696 1424 2784; x_wconf 91' lang='lat' dir='ltr'>molendino</span> <span class='ocrx_word' id='word_1_156' title='bbox 1452 2713 1488 2785; x_wconf 93' lang='lat' dir='ltr'>et</span> <span class='ocrx_word' id='word_1_157' title='bbox 1507 2698 1590 2783; x_wconf 91' lang='lat' dir='ltr'>lacu</span> <span class='ocrx_word' id='word_1_158' title='bbox 1611 2697 1728 2814; x_wconf 85' lang='lat' dir='ltr'>ipsius</span> <span class='ocrx_word' id='word_1_159' title='bbox 1749 2697 1843 2802; x_wconf 88' lang='lat' dir='ltr'>ville,</span> <span class='ocrx_word' id='word_1_160' title='bbox 1863 2725 1911 2783; x_wconf 88' lang='lat' dir='ltr'>ac</span> <span class='ocrx_word' id='word_1_161' title='bbox 1930 2695 2011 2812; x_wconf 84' lang='lat' dir='ltr'>alijs</span> <span class='ocrx_word' id='word_1_162' title='bbox 2032 2694 2098 2784; x_wconf 89' lang='lat' dir='ltr'>de·</span> 
     </span>
     <span class='ocr_line' id='line_1_18' title="bbox 496 2814 2100 2934; baseline -0.002 -31"><span class='ocrx_word' id='word_1_163' title='bbox 496 2817 602 2903; x_wconf 85' lang='lat' dir='ltr'>nimis</span> <span class='ocrx_word' id='word_1_164' title='bbox 623 2814 707 2901; x_wconf 86' lang='lat' dir='ltr'>ville</span> <span class='ocrx_word' id='word_1_165' title='bbox 727 2845 794 2902; x_wconf 91' lang='lat' dir='ltr'>seu</span> <span class='ocrx_word' id='word_1_166' title='bbox 815 2816 974 2934; x_wconf 80' lang='lat' dir='ltr'>grangis</span> <span class='ocrx_word' id='word_1_167' title='bbox 995 2829 1122 2902; x_wconf 89' lang='lat' dir='ltr'>nostre</span> <span class='ocrx_word' id='word_1_168' title='bbox 1145 2819 1309 2902; x_wconf 83' lang='lat' dir='ltr'>Clodocc</span> <span class='ocrx_word' id='word_1_169' title='bbox 1331 2829 1366 2903; x_wconf 93' lang='lat' dir='ltr'>et</span> <span class='ocrx_word' id='word_1_170' title='bbox 1386 2817 1547 2903; x_wconf 87' lang='lat' dir='ltr'>sorcium</span> <span class='ocrx_word' id='word_1_171' title='bbox 1568 2814 1835 2920; x_wconf 88' lang='lat' dir='ltr'>adiacencium,</span> <span class='ocrx_word' id='word_1_172' title='bbox 1852 2815 1933 2902; x_wconf 91' lang='lat' dir='ltr'>etin</span> <span class='ocrx_word' id='word_1_173' title='bbox 1951 2820 2100 2900; x_wconf 78' lang='lat' dir='ltr'>Yrmnb·</span> 
     </span>
     <span class='ocr_line' id='line_1_19' title="bbox 497 2927 2098 3048; baseline 0.002 -27"><span class='ocrx_word' id='word_1_174' title='bbox 497 2941 556 3048; x_wconf 71' lang='lat' dir='ltr'>loy,</span> <span class='ocrx_word' id='word_1_175' title='bbox 580 2937 789 3021; x_wconf 81' lang='lat' dir='ltr'>Glosemr&#39;oo</span> <span class='ocrx_word' id='word_1_176' title='bbox 810 2963 857 3020; x_wconf 88' lang='lat' dir='ltr'>ac</span> <span class='ocrx_word' id='word_1_177' title='bbox 883 2938 1103 3019; x_wconf 80' lang='lat' dir='ltr'>Szccrzeroo</span> <span class='ocrx_word' id='word_1_178' title='bbox 1126 2927 1282 3031; x_wconf 77' lang='lat' dir='ltr'>interra</span> <span class='ocrx_word' id='word_1_179' title='bbox 1302 2933 1527 3022; x_wconf 89' lang='lat' dir='ltr'>Pomoranie</span> <span class='ocrx_word' id='word_1_180' title='bbox 1549 2935 1810 3038; x_wconf 89' lang='lat' dir='ltr'>existentibus,</span> <span class='ocrx_word' id='word_1_181' title='bbox 1831 2931 1964 3020; x_wconf 89' lang='lat' dir='ltr'>eodem</span> <span class='ocrx_word' id='word_1_182' title='bbox 1986 2931 2098 3025; x_wconf 88' lang='lat' dir='ltr'>modo</span> 
     </span>
     <span class='ocr_line' id='line_1_20' title="bbox 497 3051 2097 3170; baseline 0 -32"><span class='ocrx_word' id='word_1_183' title='bbox 497 3081 581 3139; x_wconf 87' lang='lat' dir='ltr'>cunr</span> <span class='ocrx_word' id='word_1_184' title='bbox 602 3055 785 3138; x_wconf 90' lang='lat' dir='ltr'>uniuersis</span> <span class='ocrx_word' id='word_1_185' title='bbox 815 3065 851 3138; x_wconf 94' lang='lat' dir='ltr'>et</span> <span class='ocrx_word' id='word_1_186' title='bbox 871 3052 1024 3170; x_wconf 79' lang='lat' dir='ltr'>singulis</span> <span class='ocrx_word' id='word_1_187' title='bbox 1045 3051 1202 3156; x_wconf 89' lang='lat' dir='ltr'>iuribus,</span> <span class='ocrx_word' id='word_1_188' title='bbox 1231 3053 1429 3158; x_wconf 82' lang='lat' dir='ltr'>fructibus,</span> <span class='ocrx_word' id='word_1_189' title='bbox 1458 3053 1669 3140; x_wconf 91' lang='lat' dir='ltr'>utilitatibus</span> <span class='ocrx_word' id='word_1_190' title='bbox 1691 3068 1727 3140; x_wconf 87' lang='lat' dir='ltr'>et</span> <span class='ocrx_word' id='word_1_191' title='bbox 1754 3051 1989 3170; x_wconf 84' lang='lat' dir='ltr'>pertinencijs</span> <span class='ocrx_word' id='word_1_192' title='bbox 2010 3053 2097 3158; x_wconf 76' lang='lat' dir='ltr'>suiS,</span> 
     </span>
     <span class='ocr_line' id='line_1_21' title="bbox 525 3169 2099 3288; baseline 0.001 -32"><span class='ocrx_word' id='word_1_193' title='bbox 525 3201 570 3258; x_wconf 91' lang='lat' dir='ltr'>ue</span> <span class='ocrx_word' id='word_1_194' title='bbox 591 3201 690 3257; x_wconf 91' lang='lat' dir='ltr'>nunc</span> <span class='ocrx_word' id='word_1_195' title='bbox 710 3183 805 3276; x_wconf 87' lang='lat' dir='ltr'>sunt,</span> <span class='ocrx_word' id='word_1_196' title='bbox 827 3169 886 3256; x_wconf 88' lang='lat' dir='ltr'>vel</span> <span class='ocrx_word' id='word_1_197' title='bbox 907 3201 993 3256; x_wconf 90' lang='lat' dir='ltr'>esse</span> <span class='ocrx_word' id='word_1_198' title='bbox 1014 3183 1185 3286; x_wconf 87' lang='lat' dir='ltr'>poterunt</span> <span class='ocrx_word' id='word_1_199' title='bbox 1207 3173 1242 3256; x_wconf 92' lang='lat' dir='ltr'>in</span> <span class='ocrx_word' id='word_1_200' title='bbox 1262 3173 1430 3257; x_wconf 89' lang='lat' dir='ltr'>luturum.</span> <span class='ocrx_word' id='word_1_201' title='bbox 1454 3170 1636 3259; x_wconf 88' lang='lat' dir='ltr'>Volentes</span> <span class='ocrx_word' id='word_1_202' title='bbox 1657 3185 1693 3258; x_wconf 91' lang='lat' dir='ltr'>et</span> <span class='ocrx_word' id='word_1_203' title='bbox 1714 3185 1843 3258; x_wconf 89' lang='lat' dir='ltr'>tenore</span> <span class='ocrx_word' id='word_1_204' title='bbox 1864 3173 2099 3288; x_wconf 83' lang='lat' dir='ltr'>presencium</span> 
     </span>
     <span class='ocr_line' id='line_1_22' title="bbox 498 3203 2098 3407; baseline -0.002 -29"><span class='ocrx_word' id='word_1_205' title='bbox 498 3203 754 3395; x_wconf 76' lang='lat' dir='ltr'>decernentes,</span> <span class='ocrx_word' id='word_1_206' title='bbox 772 3287 872 3406; x_wconf 89' lang='lat' dir='ltr'>quod</span> <span class='ocrx_word' id='word_1_207' title='bbox 885 3289 964 3403; x_wconf 91' lang='lat' dir='ltr'>ipse</span> <span class='ocrx_word' id='word_1_208' title='bbox 985 3287 1155 3378; x_wconf 90' lang='lat' dir='ltr'>dominus</span> <span class='ocrx_word' id='word_1_209' title='bbox 1168 3287 1381 3407; x_wconf 87' lang='lat' dir='ltr'>Episcopus</span> <span class='ocrx_word' id='word_1_210' title='bbox 1403 3303 1439 3376; x_wconf 89' lang='lat' dir='ltr'>et</span> <span class='ocrx_word' id='word_1_211' title='bbox 1459 3288 1620 3377; x_wconf 91' lang='lat' dir='ltr'>ecclesia</span> <span class='ocrx_word' id='word_1_212' title='bbox 1642 3288 1981 3406; x_wconf 89' lang='lat' dir='ltr'>Wladyslauiensis</span> <span class='ocrx_word' id='word_1_213' title='bbox 2018 3317 2098 3392; x_wconf 75' lang='lat' dir='ltr'>sua,</span> 
     </span>
     <span class='ocr_line' id='line_1_23' title="bbox 498 3405 2100 3528; baseline -0.002 -30"><span class='ocrx_word' id='word_1_214' title='bbox 498 3409 621 3498; x_wconf 89' lang='lat' dir='ltr'>omnia</span> <span class='ocrx_word' id='word_1_215' title='bbox 642 3423 678 3494; x_wconf 92' lang='lat' dir='ltr'>et</span> <span class='ocrx_word' id='word_1_216' title='bbox 693 3406 840 3524; x_wconf 79' lang='lat' dir='ltr'>singula</span> <span class='ocrx_word' id='word_1_217' title='bbox 856 3405 1032 3525; x_wconf 90' lang='lat' dir='ltr'>predicta,</span> <span class='ocrx_word' id='word_1_218' title='bbox 1054 3439 1121 3525; x_wconf 91' lang='lat' dir='ltr'>per</span> <span class='ocrx_word' id='word_1_219' title='bbox 1142 3437 1211 3495; x_wconf 91' lang='lat' dir='ltr'>nos</span> <span class='ocrx_word' id='word_1_220' title='bbox 1232 3409 1301 3498; x_wconf 89' lang='lat' dir='ltr'>sibi</span> <span class='ocrx_word' id='word_1_221' title='bbox 1319 3408 1405 3496; x_wconf 84' lang='lat' dir='ltr'>data</span> <span class='ocrx_word' id='word_1_222' title='bbox 1425 3424 1462 3497; x_wconf 92' lang='lat' dir='ltr'>et</span> <span class='ocrx_word' id='word_1_223' title='bbox 1481 3410 1676 3528; x_wconf 82' lang='lat' dir='ltr'>assignata</span> <span class='ocrx_word' id='word_1_224' title='bbox 1697 3407 1809 3494; x_wconf 89' lang='lat' dir='ltr'>morlo</span> <span class='ocrx_word' id='word_1_225' title='bbox 1834 3407 2014 3526; x_wconf 87' lang='lat' dir='ltr'>predicto,</span> <span class='ocrx_word' id='word_1_226' title='bbox 2029 3435 2100 3495; x_wconf 89' lang='lat' dir='ltr'>nos</span> 
     </span>
     <span class='ocr_line' id='line_1_24' title="bbox 499 3525 2099 3645; baseline 0.001 -34"><span class='ocrx_word' id='word_1_227' title='bbox 499 3556 649 3645; x_wconf 89' lang='lat' dir='ltr'>quoque</span> <span class='ocrx_word' id='word_1_228' title='bbox 669 3540 705 3612; x_wconf 91' lang='lat' dir='ltr'>et</span> <span class='ocrx_word' id='word_1_229' title='bbox 725 3527 987 3636; x_wconf 78' lang='lat' dir='ltr'>monasterium</span> <span class='ocrx_word' id='word_1_230' title='bbox 1009 3539 1186 3630; x_wconf 91' lang='lat' dir='ltr'>nostrum,</span> <span class='ocrx_word' id='word_1_231' title='bbox 1207 3557 1253 3614; x_wconf 93' lang='lat' dir='ltr'>ac</span> <span class='ocrx_word' id='word_1_232' title='bbox 1274 3527 1434 3615; x_wconf 88' lang='lat' dir='ltr'>ecclesia</span> <span class='ocrx_word' id='word_1_233' title='bbox 1455 3541 1584 3616; x_wconf 88' lang='lat' dir='ltr'>nostra</span> <span class='ocrx_word' id='word_1_234' title='bbox 1605 3525 1814 3642; x_wconf 87' lang='lat' dir='ltr'>Lyndensis</span> <span class='ocrx_word' id='word_1_235' title='bbox 1836 3527 1998 3621; x_wconf 87' lang='lat' dir='ltr'>similiter</span> <span class='ocrx_word' id='word_1_236' title='bbox 2019 3527 2099 3612; x_wconf 90' lang='lat' dir='ltr'>uni·</span> 
     </span>
     <span class='ocr_line' id='line_1_25' title="bbox 497 3643 2176 3764; baseline -0.001 -32"><span class='ocrx_word' id='word_1_237' title='bbox 497 3673 610 3732; x_wconf 90' lang='lat' dir='ltr'>uersa</span> <span class='ocrx_word' id='word_1_238' title='bbox 631 3657 669 3728; x_wconf 89' lang='lat' dir='ltr'>et</span> <span class='ocrx_word' id='word_1_239' title='bbox 688 3643 834 3763; x_wconf 82' lang='lat' dir='ltr'>singula</span> <span class='ocrx_word' id='word_1_240' title='bbox 854 3645 1044 3761; x_wconf 87' lang='lat' dir='ltr'>prelibata,</span> <span class='ocrx_word' id='word_1_241' title='bbox 1066 3647 1271 3761; x_wconf 90' lang='lat' dir='ltr'>peripsum</span> <span class='ocrx_word' id='word_1_242' title='bbox 1300 3645 1408 3734; x_wconf 90' lang='lat' dir='ltr'>nobis</span> <span class='ocrx_word' id='word_1_243' title='bbox 1437 3646 1570 3733; x_wconf 86' lang='lat' dir='ltr'>tradita</span> <span class='ocrx_word' id='word_1_244' title='bbox 1597 3661 1634 3733; x_wconf 90' lang='lat' dir='ltr'>et</span> <span class='ocrx_word' id='word_1_245' title='bbox 1653 3647 1868 3764; x_wconf 80' lang='lat' dir='ltr'>assignata,</span> <span class='ocrx_word' id='word_1_246' title='bbox 1895 3643 2100 3732; x_wconf 88' lang='lat' dir='ltr'>debeamus</span> <span class='ocrx_word' id='word_1_247' title='bbox 2171 3695 2176 3704; x_wconf 89' lang='lat'><strong>·</strong></span> 
     </span>
     <span class='ocr_line' id='line_1_26' title="bbox 497 3761 2099 3881; baseline 0.002 -33"><span class='ocrx_word' id='word_1_248' title='bbox 497 3763 659 3852; x_wconf 87' lang='lat' dir='ltr'>vicissim</span> <span class='ocrx_word' id='word_1_249' title='bbox 681 3764 759 3848; x_wconf 89' lang='lat' dir='ltr'>iure</span> <span class='ocrx_word' id='word_1_250' title='bbox 778 3761 1000 3850; x_wconf 88' lang='lat' dir='ltr'>hereditario</span> <span class='ocrx_word' id='word_1_251' title='bbox 1016 3778 1196 3880; x_wconf 89' lang='lat' dir='ltr'>perpetuo</span> <span class='ocrx_word' id='word_1_252' title='bbox 1213 3763 1418 3880; x_wconf 89' lang='lat' dir='ltr'>possidere.</span> <span class='ocrx_word' id='word_1_253' title='bbox 1440 3763 1723 3881; x_wconf 89' lang='lat' dir='ltr'>Temporalibus</span> <span class='ocrx_word' id='word_1_254' title='bbox 1740 3795 1810 3880; x_wconf 90' lang='lat' dir='ltr'>pro</span> <span class='ocrx_word' id='word_1_255' title='bbox 1825 3761 2099 3880; x_wconf 75' lang='lat' dir='ltr'>temporalibus,</span> 
     </span>
     <span class='ocr_line' id='line_1_27' title="bbox 499 3880 2099 4000; baseline -0.005 -27"><span class='ocrx_word' id='word_1_256' title='bbox 499 3897 535 3974; x_wconf 87' lang='lat' dir='ltr'>et</span> <span class='ocrx_word' id='word_1_257' title='bbox 555 3881 804 4000; x_wconf 90' lang='lat' dir='ltr'>spiritualibus</span> <span class='ocrx_word' id='word_1_258' title='bbox 830 3911 899 3999; x_wconf 92' lang='lat' dir='ltr'>pro</span> <span class='ocrx_word' id='word_1_259' title='bbox 921 3880 1166 3998; x_wconf 89' lang='lat' dir='ltr'>spiritualibus</span> <span class='ocrx_word' id='word_1_260' title='bbox 1187 3883 1242 3968; x_wconf 92' lang='lat' dir='ltr'>sic</span> <span class='ocrx_word' id='word_1_261' title='bbox 1262 3885 1443 3969; x_wconf 89' lang='lat' dir='ltr'>canonice</span> <span class='ocrx_word' id='word_1_262' title='bbox 1464 3885 1690 4000; x_wconf 86' lang='lat' dir='ltr'>permutatis.</span> <span class='ocrx_word' id='word_1_263' title='bbox 1722 3883 1974 3970; x_wconf 88' lang='lat' dir='ltr'>Promittimus</span> <span class='ocrx_word' id='word_1_264' title='bbox 2003 3883 2099 3966; x_wconf 87' lang='lat' dir='ltr'>insu-</span> 
     </span>
     <span class='ocr_line' id='line_1_28' title="bbox 499 3997 2099 4120; baseline -0.003 -31"><span class='ocrx_word' id='word_1_265' title='bbox 499 4033 576 4120; x_wconf 87' lang='lat' dir='ltr'>per,</span> <span class='ocrx_word' id='word_1_266' title='bbox 598 4001 744 4087; x_wconf 89' lang='lat' dir='ltr'>nomine</span> <span class='ocrx_word' id='word_1_267' title='bbox 765 4000 975 4117; x_wconf 88' lang='lat' dir='ltr'>monasterij</span> <span class='ocrx_word' id='word_1_268' title='bbox 992 4013 1028 4086; x_wconf 92' lang='lat' dir='ltr'>et</span> <span class='ocrx_word' id='word_1_269' title='bbox 1043 3997 1200 4106; x_wconf 78' lang='lat' dir='ltr'>ecclesie</span> <span class='ocrx_word' id='word_1_270' title='bbox 1221 4014 1359 4104; x_wconf 89' lang='lat' dir='ltr'>nostre,</span> <span class='ocrx_word' id='word_1_271' title='bbox 1380 4031 1449 4119; x_wconf 90' lang='lat' dir='ltr'>pro</span> <span class='ocrx_word' id='word_1_272' title='bbox 1472 3999 1578 4090; x_wconf 93' lang='lat' dir='ltr'>nobis</span> <span class='ocrx_word' id='word_1_273' title='bbox 1599 4017 1637 4087; x_wconf 88' lang='lat' dir='ltr'>et</span> <span class='ocrx_word' id='word_1_274' title='bbox 1657 3999 1941 4088; x_wconf 88' lang='lat' dir='ltr'>successoribus</span> <span class='ocrx_word' id='word_1_275' title='bbox 1963 3999 2099 4086; x_wconf 90' lang='lat' dir='ltr'>nostris</span> 
     </span>
     <span class='ocr_line' id='line_1_29' title="bbox 499 4116 2100 4237; baseline -0.001 -31"><span class='ocrx_word' id='word_1_276' title='bbox 499 4120 618 4207; x_wconf 91' lang='lat' dir='ltr'>eidem</span> <span class='ocrx_word' id='word_1_277' title='bbox 648 4119 797 4207; x_wconf 92' lang='lat' dir='ltr'>domino</span> <span class='ocrx_word' id='word_1_278' title='bbox 818 4117 1008 4236; x_wconf 89' lang='lat' dir='ltr'>Episcopo</span> <span class='ocrx_word' id='word_1_279' title='bbox 1039 4133 1073 4206; x_wconf 93' lang='lat' dir='ltr'>et</span> <span class='ocrx_word' id='word_1_280' title='bbox 1101 4116 1277 4224; x_wconf 89' lang='lat' dir='ltr'>ecclesio,</span> <span class='ocrx_word' id='word_1_281' title='bbox 1307 4149 1354 4206; x_wconf 91' lang='lat' dir='ltr'>ac</span> <span class='ocrx_word' id='word_1_282' title='bbox 1380 4119 1665 4208; x_wconf 88' lang='lat' dir='ltr'>successoribus</span> <span class='ocrx_word' id='word_1_283' title='bbox 1697 4122 1811 4237; x_wconf 90' lang='lat' dir='ltr'>ipsius</span> <span class='ocrx_word' id='word_1_284' title='bbox 1841 4118 1889 4206; x_wconf 92' lang='lat' dir='ltr'>de</span> <span class='ocrx_word' id='word_1_285' title='bbox 1918 4119 2100 4222; x_wconf 87' lang='lat' dir='ltr'>cuictlone</span> 
     </span>
     <span class='ocr_line' id='line_1_30' title="bbox 500 4235 2099 4358; baseline 0.001 -34"><span class='ocrx_word' id='word_1_286' title='bbox 500 4237 663 4358; x_wconf 89' lang='lat' dir='ltr'>predicte</span> <span class='ocrx_word' id='word_1_287' title='bbox 683 4240 767 4326; x_wconf 84' lang='lat' dir='ltr'>ville</span> <span class='ocrx_word' id='word_1_288' title='bbox 788 4244 891 4352; x_wconf 76' lang='lat' dir='ltr'>Lamp</span> <span class='ocrx_word' id='word_1_289' title='bbox 911 4267 957 4324; x_wconf 90' lang='lat' dir='ltr'>ac</span> <span class='ocrx_word' id='word_1_290' title='bbox 978 4251 1119 4356; x_wconf 90' lang='lat' dir='ltr'>septem</span> <span class='ocrx_word' id='word_1_291' title='bbox 1136 4235 1397 4325; x_wconf 87' lang='lat' dir='ltr'>maldratarum</span> <span class='ocrx_word' id='word_1_292' title='bbox 1413 4239 1686 4356; x_wconf 85' lang='lat' dir='ltr'>prelibatorum,</span> <span class='ocrx_word' id='word_1_293' title='bbox 1702 4249 1751 4340; x_wconf 90' lang='lat' dir='ltr'>ut,</span> <span class='ocrx_word' id='word_1_294' title='bbox 1768 4240 1799 4326; x_wconf 86' lang='lat' dir='ltr'>si</span> <span class='ocrx_word' id='word_1_295' title='bbox 1818 4237 1998 4357; x_wconf 85' lang='lat' dir='ltr'>quispiam</span> <span class='ocrx_word' id='word_1_296' title='bbox 2019 4265 2099 4325; x_wconf 87' lang='lat' dir='ltr'>earu</span> 
     </span>
     <span class='ocr_line' id='line_1_31' title="bbox 499 4356 2099 4476; baseline -0.001 -35"><span class='ocrx_word' id='word_1_297' title='bbox 499 4357 559 4442; x_wconf 88' lang='lat' dir='ltr'>vel</span> <span class='ocrx_word' id='word_1_298' title='bbox 580 4387 646 4443; x_wconf 91' lang='lat' dir='ltr'>eas</span> <span class='ocrx_word' id='word_1_299' title='bbox 667 4359 893 4476; x_wconf 85' lang='lat' dir='ltr'>inposterum</span> <span class='ocrx_word' id='word_1_300' title='bbox 915 4356 1110 4456; x_wconf 88' lang='lat' dir='ltr'>euinceret,</span> <span class='ocrx_word' id='word_1_301' title='bbox 1133 4385 1202 4442; x_wconf 90' lang='lat' dir='ltr'>nos</span> <span class='ocrx_word' id='word_1_302' title='bbox 1220 4373 1255 4468; x_wconf 77' lang='lat' dir='ltr'>et</span> <span class='ocrx_word' id='word_1_303' title='bbox 1271 4360 1531 4444; x_wconf 88' lang='lat' dir='ltr'>monasterium</span> <span class='ocrx_word' id='word_1_304' title='bbox 1553 4387 1600 4443; x_wconf 91' lang='lat' dir='ltr'>ac</span> <span class='ocrx_word' id='word_1_305' title='bbox 1626 4358 1786 4444; x_wconf 90' lang='lat' dir='ltr'>ecclesia</span> <span class='ocrx_word' id='word_1_306' title='bbox 1808 4372 1935 4442; x_wconf 86' lang='lat' dir='ltr'>nostra</span> <span class='ocrx_word' id='word_1_307' title='bbox 1958 4368 1995 4441; x_wconf 88' lang='lat' dir='ltr'>et</span> <span class='ocrx_word' id='word_1_308' title='bbox 2015 4375 2099 4441; x_wconf 86' lang='lat' dir='ltr'>soc-</span> 
     </span>
     <span class='ocr_line' id='line_1_32' title="bbox 501 4474 2101 4593; baseline 0 -32"><span class='ocrx_word' id='word_1_309' title='bbox 501 4503 676 4561; x_wconf 88' lang='lat' dir='ltr'>cessores</span> <span class='ocrx_word' id='word_1_310' title='bbox 697 4477 812 4564; x_wconf 90' lang='lat' dir='ltr'>nostri</span> <span class='ocrx_word' id='word_1_311' title='bbox 833 4475 881 4562; x_wconf 89' lang='lat' dir='ltr'>od</span> <span class='ocrx_word' id='word_1_312' title='bbox 897 4474 1174 4592; x_wconf 68' lang='lat' dir='ltr'>&#39;reconpensum</span> <span class='ocrx_word' id='word_1_313' title='bbox 1195 4476 1406 4582; x_wconf 83' lang='lat' dir='ltr'>euictorum,</span> <span class='ocrx_word' id='word_1_314' title='bbox 1427 4507 1475 4564; x_wconf 88' lang='lat' dir='ltr'>ex</span> <span class='ocrx_word' id='word_1_315' title='bbox 1497 4487 1607 4593; x_wconf 88' lang='lat' dir='ltr'>pacto</span> <span class='ocrx_word' id='word_1_316' title='bbox 1626 4477 1728 4568; x_wconf 80' lang='lat' dir='ltr'>inter</span> <span class='ocrx_word' id='word_1_317' title='bbox 1741 4505 1810 4564; x_wconf 90' lang='lat' dir='ltr'>nos</span> <span class='ocrx_word' id='word_1_318' title='bbox 1828 4475 1968 4578; x_wconf 80' lang='lat' dir='ltr'>habito,</span> <span class='ocrx_word' id='word_1_319' title='bbox 1997 4487 2101 4561; x_wconf 63' lang='lat' dir='ltr'>teuc</span> 
     </span>
     <span class='ocr_line' id='line_1_33' title="bbox 500 4592 2101 4712; baseline -0.001 -32"><span class='ocrx_word' id='word_1_320' title='bbox 500 4592 734 4705; x_wconf 85' lang='lat' dir='ltr'>buntur(sic).</span> <span class='ocrx_word' id='word_1_321' title='bbox 756 4593 798 4680; x_wconf 92' lang='lat' dir='ltr'>lu</span> <span class='ocrx_word' id='word_1_322' title='bbox 810 4596 914 4712; x_wconf 90' lang='lat' dir='ltr'>cujus</span> <span class='ocrx_word' id='word_1_323' title='bbox 925 4594 977 4681; x_wconf 89' lang='lat' dir='ltr'>rei</span> <span class='ocrx_word' id='word_1_324' title='bbox 992 4594 1245 4690; x_wconf 83' lang='lat' dir='ltr'>testimonium,</span> <span class='ocrx_word' id='word_1_325' title='bbox 1256 4607 1450 4711; x_wconf 89' lang='lat' dir='ltr'>presentes</span> <span class='ocrx_word' id='word_1_326' title='bbox 1472 4593 1740 4681; x_wconf 86' lang='lat' dir='ltr'>litteraseidem</span> <span class='ocrx_word' id='word_1_327' title='bbox 1763 4593 1912 4680; x_wconf 90' lang='lat' dir='ltr'>domino</span> <span class='ocrx_word' id='word_1_328' title='bbox 1921 4593 2101 4711; x_wconf 85' lang='lat' dir='ltr'>episcopo</span> 
     </span>
     <span class='ocr_line' id='line_1_34' title="bbox 500 4708 2100 4833; baseline -0.001 -33"><span class='ocrx_word' id='word_1_329' title='bbox 500 4708 672 4800; x_wconf 87' lang='lat' dir='ltr'>dedimus</span> <span class='ocrx_word' id='word_1_330' title='bbox 693 4727 821 4801; x_wconf 89' lang='lat' dir='ltr'>nostro</span> <span class='ocrx_word' id='word_1_331' title='bbox 850 4729 885 4800; x_wconf 91' lang='lat' dir='ltr'>et</span> <span class='ocrx_word' id='word_1_332' title='bbox 905 4714 1021 4800; x_wconf 89' lang='lat' dir='ltr'>nostri</span> <span class='ocrx_word' id='word_1_333' title='bbox 1042 4725 1247 4802; x_wconf 87' lang='lat' dir='ltr'>conuentus</span> <span class='ocrx_word' id='word_1_334' title='bbox 1274 4713 1476 4833; x_wconf 82' lang='lat' dir='ltr'>sigillorum</span> <span class='ocrx_word' id='word_1_335' title='bbox 1498 4713 1698 4802; x_wconf 80' lang='lat' dir='ltr'>&#39;munimine</span> <span class='ocrx_word' id='word_1_336' title='bbox 1725 4711 1933 4801; x_wconf 90' lang='lat' dir='ltr'>roboratas.</span> <span class='ocrx_word' id='word_1_337' title='bbox 1965 4709 2100 4800; x_wconf 89' lang='lat' dir='ltr'>Datum</span> 
     </span>
     <span class='ocr_line' id='line_1_35' title="bbox 500 4827 2099 4948; baseline 0.002 -32"><span class='ocrx_word' id='word_1_338' title='bbox 500 4831 537 4918; x_wconf 91' lang='lat' dir='ltr'>in</span> <span class='ocrx_word' id='word_1_339' title='bbox 557 4834 698 4944; x_wconf 77' lang='lat' dir='ltr'>lyndo,</span> <span class='ocrx_word' id='word_1_340' title='bbox 714 4832 938 4920; x_wconf 81' lang='lat' dir='ltr'>monasterio</span> <span class='ocrx_word' id='word_1_341' title='bbox 954 4845 1094 4934; x_wconf 88' lang='lat' dir='ltr'>nostro,</span> <span class='ocrx_word' id='word_1_342' title='bbox 1116 4845 1222 4918; x_wconf 84' lang='lat' dir='ltr'>sexto</span> <span class='ocrx_word' id='word_1_343' title='bbox 1244 4829 1388 4926; x_wconf 85' lang='lat' dir='ltr'>decimo</span> <span class='ocrx_word' id='word_1_344' title='bbox 1410 4830 1603 4919; x_wconf 86' lang='lat' dir='ltr'>Kalendas</span> <span class='ocrx_word' id='word_1_345' title='bbox 1623 4833 1762 4921; x_wconf 84' lang='lat' dir='ltr'>mensis</span> <span class='ocrx_word' id='word_1_346' title='bbox 1782 4829 1890 4948; x_wconf 84' lang='lat' dir='ltr'>lunij,</span> <span class='ocrx_word' id='word_1_347' title='bbox 1911 4859 2017 4919; x_wconf 85' lang='lat' dir='ltr'>anno</span> <span class='ocrx_word' id='word_1_348' title='bbox 2031 4827 2099 4918; x_wconf 89' lang='lat' dir='ltr'>do·</span> 
     </span>
    </p>
   </div>
   <div class='ocr_carea' id='block_1_4' title="bbox 0 0 2448 5940">
    <p class='ocr_par' dir='ltr' id='par_1_4' title="bbox 0 0 2448 5940">
     <span class='ocr_line' id='line_1_36' title="bbox 0 0 2448 5940; baseline 0 0"><span class='ocrx_word' id='word_1_349' title='bbox 0 0 2448 5940; x_wconf 95' lang='lat' dir='ltr'> </span> 
     </span>
    </p>
   </div>
  </div>
 </body>
</html>
