4876 5940
1023 780 1068 794 --
1119 741 1193 814 257
1249 781 1291 794 ·-

1041 1037 1272 1155 ddtxttt.

568 1276 809 1374 badae,
826 1295 979 1380 unco
1005 1271 1154 1362 1336
1172 1275 1264 1360 etta
1288 1273 1352 1359 12
1377 1265 1573 1360 mcum
1598 1275 1750 1382 Moti.

376 1477 594 1552 Maenius
618 1480 722 1552 Attae
749 1478 929 1552 monasterii
956 1423 1203 1552 cirterciensium
1231 1423 1397 1551 tendenda
1418 1477 1522 1550 villan
1546 1482 1605 1568 top
1627 1483 1660 1552 ot
1684 1478 1820 1554 decimas
1843 1477 1935 1556 rtltuo

411 1583 519 1650 tutta
533 1584 703 1654 damulti
719 1599 787 1652 cum
801 1581 876 1655 ride
892 1581 1071 1648 Godresorco
1084 1599 1121 1653 ed
1137 1579 1266 1652 decimi!
1280 1580 1419 1654 villarum
1434 1581 1587 1672 Klodouo,
1603 1583 1632 1648 Τ
1629 1583 1724 1665 rediri,
1740 1582 1902 1660 Cbozemr'n,

685 1685 854 1762 musmo,
874 1683 1080 1774 Episcopatus
1105 1681 1373 1754 Wladrtcutoucis
1386 1681 1570 1774 propriarum
1585 1683 1632 1768 (¹).

455 1874 497 1960 ln
519 1871 664 1960 nomine
680 1872 828 1978 domini,
849 1903 968 1962 amen.
999 1873 1255 1960 Humanorum
1276 1889 1422 1959 actuum
1444 1889 1564 1992 gesta,
1586 1872 1770 1960 obliuione
1790 1873 1957 1974 faciente,

356 2005 633 2082 consueuerant
662 2007 778 2078 tractu
809 1993 984 2110 temporis
1006 1991 1195 2109 deperire,
1224 1991 1256 2079 si
1277 1993 1460 2109 scripture
1483 1993 1706 2097 testimonio,
1733 1991 1791 2078 uel
1812 1993 1957 2078 testium

333 2111 538 2229 'suffragio
560 2141 634 2198 non
656 2111 787 2198 luerint
807 2113 984 2198 memorie
1006 2110 1279 2198 commendata.
1311 2109 1403 2196 lnde
1423 2126 1496 2214 est,
1518 2108 1618 2228 quod
1648 2141 1718 2198 nos
1745 2111 1858 2197 lrater
1877 2107 1958 2196 Ma-

355 2227 461 2332 tbias,
481 2227 603 2316 diuina
618 2230 862 2317 miseracione
883 2229 1003 2316 abbas
1023 2228 1070 2318 de
1090 2235 1240 2342 Lyndo,
1262 2228 1401 2316 ordinis
1423 2229 1703 2345 Cysterciensis‚
1731 2229 1957 2347 gneznensis

355 2346 541 2462 dyocesis,
558 2349 760 2464 cupientes,
782 2362 820 2434 ut
865 2367 1028 2434 estorum
1045 2349 1138 2434 inter
1154 2346 1399 2434 venerabilem
1415 2362 1555 2464 patrem
1570 2347 1755 2434 dominum
1767 2345 1957 2450 blathiam,

355 2464 479 2552 diuina
499 2481 535 2552 et
554 2464 759 2580 apostolice
781 2377 882 2550 sedis
903 2463 1143 2580 prouidencia
1165 2465 1326 2550 ecclesie
1347 2463 1658 2552 wladislauiensis
1679 2467 1897 2582 episcopum
1919 2477 1954 2550 et

355 2581 553 2700 capitulum
574 2582 705 2699 ipsius,
727 2583 874 2668 nomine
895 2581 1055 2668 ecclesie
1077 2584 1241 2700 ipsorum
1272 2611 1319 2666 ex
1339 2597 1444 2699 parte
1464 2613 1556 2688 una,
1580 2597 1615 2670 et
1635 2613 1705 2670 nos
1725 2613 1772 2670 ac
1793 2613 1955 2670 conuen-

353 2717 429 2790 tum
451 2715 628 2802 nostrum,
648 2701 797 2788 nomine
818 2699 978 2786 ecclesie
998 2713 1126 2786 nostre
1146 2698 1357 2816 Lyndensis
1379 2730 1425 2786 ex
1446 2699 1582 2804 altera,
1603 2699 1745 2816 plenior
1764 2699 1864 2816 apud
1885 2728 1954 2816 po·

352 2833 479 2910 steros
499 2819 676 2908 memoria
697 2818 899 2924 habeatur3
938 2833 1061 2904 notum
1083 2819 1237 2904 iacimus
1258 2819 1460 2922 uniuersis,
1492 2833 1566 2905 tam
1587 2818 1823 2934 presentibus
1845 2846 1955 2936 quam

264 2945 269 2954 '
349 2938 526 3057 posteris,
546 2939 780 3056 presencium
802 2937 974 3024 noticiam
996 2937 1182 3025 habituris:
1199 2935 1299 3056 quod
1321 2935 1563 3042 attendentes,
1581 2935 1736 3056 qualiter
1750 2935 1846 3042 villa,
1866 2964 1956 3054 pos-

350 3057 477 3146 sessio
499 3087 566 3142 seu
590 3055 777 3142 hereditas
799 3055 959 3142 ecclesie
978 3069 1117 3157 nostre,
1140 3087 1212 3174 que
1232 3061 1337 3169 [cop
1356 3055 1549 3174 wlgariter
1570 3067 1814 3172 nuncupatur,
1830 3055 1957 3141 iacens

348 3175 391 3263 in
410 3165 703 3289 terra'‚Cuyauie
732 3202 852 3292 prope
873 3181 1060 3286 cotronam
1086 3180 1375 3274 Wlodr‘slour'om‚
1406 3204 1582 3260 unacum
1604 3187 1744 3292 septem
1767 3171 1957 3260 maldratis

302 3309 305 3318 ’
349 3291 597 3380 decimalibus
617 3295 653 3378 in
674 3293 758 3384 villa
779 3291 965 3411 magnifici
986 3293 1160 3410 principis
1176 3293 1312 3380 domini
1329 3291 1538 3409 Wladyslai
1558 3291 1680 3410 Regis
1700 3291 1869 3399 polonie,
1884 3320 1958 3408 que

352 3415 471 3498 crota
491 3410 632 3515 dieitur,
654 3411 870 3517 iacentibus,
887 3411 936 3497 ad
953 3427 1119 3500 nostrum
1139 3412 1401 3499 monasterium
1418 3410 1682 3528 spectantibus,
1704 3426 1857 3528 propter
1876 3409 1956 3498 lon·

347 3559 444 3649 gam
474 3529 642 3618 locorum
670 3529 887 3616 distanciam
918 3531 1037 3617 minus
1066 3529 1174 3618 utiles
1201 3527 1360 3618 ecclesie
1389 3545 1518 3618 nostre
1544 3531 1624 3618 lore
1651 3529 1879 3617 viderentur:
1918 3541 1955 3614 et

350 3647 658 3750 considerantes,
689 3648 790 3768 quod
821 3648 923 3751 villa,
960 3647 1149 3734 hereditas
1176 3679 1242 3736 seu
1264 3652 1460 3764 possessio
1480 3651 1597 3767 ipsius
1623 3647 1760 3735 domini
1788 3646 1956 3766 episcopi

349 3765 681 3883 wladyslauiensis
705 3772 924 3854 Godzesouo
944 3765 1081 3888 wlgari
1110 3767 1297 3854 vocabulo
1326 3782 1554 3886 nuncupata,
1585 3798 1668 3876 una
1688 3798 1771 3854 cum
1793 3765 1955 3854 ecclesia

334 3901 391 3974 et
411 3884 557 3972 decima
578 3887 693 4004 ipsius
714 3885 891 3992 ecclesie,
920 3885 1130 3974 molendino
1152 3899 1189 3972 et
1209 3885 1293 3973 lacu
1314 3888 1430 4004 ipsius
1450 3887 1545 3989 ville,
1566 3916 1614 3973 ac
1634 3885 1715 4003 alijs
1745 3884 1898 4002 decimis
1919 3885 1955 3968 in

349 4003 439 4092 uilla
459 4034 528 4092 seu
548 4005 712 4123 grangia
732 4018 860 4093 nostra
886 4009 1065 4110 Clodouo,
1091 4034 1142 4090 ac
1162 4005 1326 4092 sortibus
1346 4004 1618 4106 adiacentibus,
1648 4007 1738 4090 etin
1762 4006 1954 4114 Trombky,

293 4208 300 4220 ,
353 4127 579 4217 Oloremino,
606 4127 826 4210 Sacerzeuo
854 4153 1005 4240 quoque
1034 4125 1191 4210 interra
1220 4121 1445 4210 Pomoranie
1466 4123 1690 4224 iacentibus,
1717 4119 1766 4208 ad
1787 4149 1954 4208 mensam
2082 4176 2086 4194 ·

348 4243 470 4360 ipsius
490 4239 628 4328 domini
657 4241 823 4355 episcopi
843 4241 1114 4357 spectantibus,
1143 4255 1294 4354 propter
1323 4240 1395 4326 loci
1423 4241 1642 4326 vicinitatem
1672 4239 1769 4325 dicte
1795 4240 1955 4358 grangie

347 4376 483 4450 nostra
506 4362 679 4461 dtodouo,
701 4372 738 4444 et
758 4358 944 4444 utilitatem
967 4357 1195 4460 uberiorem,
1224 4387 1296 4474 que
1317 4357 1449 4444 exinde
1475 4357 1701 4446 monasterio
1730 4371 1768 4444 et
1794 4355 1954 4444 ecclesie

349 4494 494 4584 nostre,
515 4476 589 4564 deo
609 4476 791 4595 propicio,
812 4477 946 4594 poterit
965 4477 1180 4594 prouenire3
1202 4503 1284 4611 cum
1306 4476 1389 4594 ipso
1410 4475 1777 4594 dominoepiscopo,
1798 4474 1845 4563 de
1861 4505 1953 4563 con-

454 4780 493 4862 (¹)
534 4779 581 4845 Ex
597 4776 758 4878 archetypo
772 4777 1005 4846 mambranaceo
1021 4777 1157 4844 tabularii
1173 4775 1294 4877 capituli
1310 4777 1577 4845 Wladislauiensis.
1598 4778 1749 4846 'taeniolis
1766 4779 1952 4864 pergamenis

350 4866 416 4934 duo
426 4869 516 4934 aaut
528 4884 659 4952 appensa
673 4865 777 4950 srgrllc
792 4885 922 4952 quorum
937 4885 1032 4934 unum
1047 4865 1194 4954 reliquom
1211 4883 1339 4931 mamma
1355 4887 1392 4932 ex
1406 4871 1492 4952 parte
1506 4863 1646 4934 dolatum.

453 4985 540 5034 Tomos
557 4985 589 5033 ll.
1769 4983 1803 5038 33
