4896 5926
1035 829 1077 844 -
1133 789 1210 911 rro
1265 827 1310 842 -

359 987 473 1076 diuird
493 986 652 1075 numinis
672 1000 938 1106 augmentum
964 985 1142 1094 ecclesie,
1173 1017 1288 1108 quarn
1311 987 1348 1076 io
1369 985 1456 1077 ville
1476 986 1702 1080 venerabilis
1722 989 1846 1085 fratris
1867 993 1996 1098 nostri,

359 1105 499 1197 domim
530 1103 723 1221 Wisselay
743 1105 837 1216 (sic)
869 1105 1118 1222 Cuynniensis
1146 1107 1336 1224 episcopi,
1368 1135 1443 1224 que
1474 1109 1685 1196 &mamae
1706 1105 1760 1220 (²)
1790 1108 1997 1228 vulgariter

360 1237 615 1342 nuncupatur,
644 1221 900 1330 lundauimus3
922 1222 1100 1322 ¹eiusdem
1125 1225 1211 1312 ville
1234 1229 1463 1326 thanaac,
1494 1237 1534 1313 et
1552 1225 1705 1314 alterius
1727 1257 1801 1346 que
1823 1233 1997 1340 Lyclouo

359 1341 503 1448 dicitur,
531 1357 643 1461 prout
662 1341 841 1459 predictis
862 1341 1072 1428 nominibus
1093 1357 1129 1429 et
1152 1343 1315 1430 terminis
1336 1342 1385 1430 ab
1406 1343 1490 1461 alijs
1510 1359 1597 1432 sunt
1616 1343 1800 1451 distincte,
1828 1345 1996 1436 decimas

243 1494 247 1510 ·
359 1459 637 1572 tam-cultarum
659 1474 855 1565 terrerum,
876 1489 988 1578 quern
1010 1459 1209 1566 noualium,
1230 1461 1468 1578 presencium
1489 1477 1526 1550 et
1542 1463 1662 1548 eciam
1682 1463 1887 1556 futurorum
1903 1465 1997 1576 (sic),

360 1578 510 1696 capituli
543 1579 662 1691 nostri
695 1575 860 1780 lepitimo
893 1575 1101 1666 accedente
1132 1607 1345 1684 consensu,
1380 1577 1429 1666 de
1459 1578 1650 1668 voluntate
1682 1577 1821 1667 domini
1849 1581 1997 1701 loseph
2157 1624 2161 1632 ¹

358 1693 641 1786 Lanchiciensis
662 1724 732 1784 sco
746 1695 864 1800 astiei,
885 1693 934 1782 ad
957 1724 1068 1814 quam
1090 1693 1351 1785 scolasteriam
1373 1695 1458 1785 olim
1476 1695 1574 1784 dicte
1590 1696 1735 1784 decime
1752 1699 1996 1816 pertinebant,

360 1827 491 1902 tenure
520 1814 758 1933 presencium
788 1814 825 1902 in
878 1829 1070 1932 erpetuum
1100 1815 1324 1904 ascribimus
1352 1829 1389 1906 ct
1409 1813 1612 1902 donamus:
1643 1813 1848 1904 dummodo
1870 1816 1997 1904 reddi·

360 1947 421 2020 tus
442 1933 525 2046 (sic)
555 1929 723 2050 predicte
752 1843 876 2048 capell

875 1965 896 2020 e
926 1932 1021 2020 ultra
1051 1931 1220 2020 valorem
1252 1931 1404 2052 triginta
1433 1961 1642 2020 marcarum
1675 1935 1822 2048 arpenti
1852 1965 1894 2021 se
1922 1949 2012 2022 oon·
2146 1949 2150 1966 '

362 2049 576 2138 extendant.
628 2049 766 2153 llatunr
794 2063 886 2168 aput
915 2053 1149 2148 Goezdocm,
1180 2081 1282 2140 nono
1303 2049 1442 2138 domini
1462 2049 1520 2137 Μο
1544 2050 1626 2137 CC⁰
1645 2049 1790 2137 LXXX
1811 2081 1930 2159 uonc,
1961 2055 1997 2140 in
2144 2053 2153 2063 '

361 2169 457 2256 leste
477 2167 577 2256 beati
597 2165 802 2256 Adalberti.
837 2167 1086 2257 Presentibus
1107 2165 1285 2257 dominis:
1308 2163 1559 2256 Wlostiborio
1580 2169 1787 2288 preposito,
1807 2169 1998 2258 Gosselao

362 2284 530 2392 decano,
561 2285 751 2403 Gabryele
777 2299 955 2393 cantore,
986 2285 1162 2404 Philippo
1190 2284 1492 2392 Archidiaccuo,
1521 2287 1698 2406 Philippo
1727 2285 1933 2378 scolastico
1962 2302 1999 2375 ct

362 2402 595 2490 Allexandro
617 2403 796 2508 custode,
827 2419 863 2491 et
885 2403 966 2492 aliis
986 2405 1181 2494 canonicis
1202 2403 1371 2494 eiusdem
1391 2405 1566 2494 ecclesie.

441 2719 442 2728 χ
466 2651 506 2736 (²)
539 2649 707 2720 Cecroocio
722 2651 787 2718 rillu
804 2653 834 2718 in
849 2651 1000 2720 territorio
1015 2661 1046 2720 et
1058 2653 1184 2739 regione
1198 2651 1412 2720 Petricoviensi
1426 2652 1489 2718 sito.

1079 2951 1294 3070 CXXXV.

851 3223 1144 3326 Simiae,
1170 3219 1524 3310 (1111101296.

368 3425 680 3502 wladislaus
693 3425 764 3501 ltux
779 3425 924 3520 tulerim
943 3423 1141 3518 cttmdtce
1156 3425 1315 3520 similest
1328 3443 1364 3500 ro
1379 3425 1419 3500 ct
1432 3416 1585 3518 Episcopo
1599 3421 1851 3498 tttattrtertcnst
1866 3427 2002 3520 quotuor

468 3543 594 3602 nuncu
606 3533 734 3604 nutum
745 3529 909 3620 occeptum
925 3527 966 3602 nt
980 3525 1203 3602 mouentum
1216 3539 1332 3602 norun
1346 3525 1515 3602 mdcllnrn
1528 3525 1561 3598 tn
1576 3525 1689 3620 oppido
1704 3525 1836 3618 turadia
1851 3529 1901 3613 (¹).

433 3775 436 3782 ·
468 3751 509 3839 ln
537 3753 688 3840 nomine
715 3746 869 3859 domini,
898 3779 1020 3840 amen.
1074 3747 1169 3837 Cum
1191 3751 1353 3838 humana
1380 3753 1563 3874 tragilites
1590 3781 1666 3839 non
1693 3749 1830 3840 sullicit
1859 3783 2001 3841 memo·

369 3872 458 3958 riter
485 3869 666 3977 retinere,
702 3872 911 3988 sapientum
945 3869 1114 3958 decrevit
1146 3873 1371 3978 auctoritas,
1407 3883 1494 3957 actu
1527 3899 1675 3990 queque
1708 3867 1823 3987 digna
1856 3871 2002 3988 servarj

368 3987 568 4096 memorio,
606 4003 644 4076 ut
700 4017 741 4075 er
768 3989 1051 4078 successionem
1080 3989 1190 4075 luturi
1219 3989 1398 4106 temporis
1425 3985 1584 4076 lucidius
1614 3999 1768 4106 pateant
1794 3987 2001 4076 manifesta.

368 4104 469 4193 Hinc
485 4121 554 4212 est,
575 4015 761 4226 quodlros
777 4105 1104 4220 Wlocislaus(sic)
1126 4105 1186 4226 dej
1205 4108 1338 4226 gracia
1358 4105 1447 4192 Dux
1465 4103 1700 4192 Cuiaviensis
1716 4119 1753 4190 et
1767 4102 2003 4210 Siraziensis

397 4253 439 4310 er
459 4251 620 4344 presens
641 4225 820 4342 scriptum
840 4221 890 4312 ad
911 4225 1149 4342 presencium
1175 4225 1350 4312 noticiam
1377 4221 1513 4338 delerrj
1534 4221 1707 4309 volumus
1729 4235 1764 4307 et
1785 4222 2004 4310 memoriam

369 4253 591 4430 llrturorum:
643 4341 719 4429 uod
741 4369 813 4431 nos
839 4371 863 4428 a
883 4341 1087 4462 venerabilj
1109 4353 1218 4459 patre
1239 4355 1382 4446 nostro,
1410 4337 1560 4428 domino
1581 4335 1775 4458 Episcopo
1797 4335 2004 4432 Wledisla·

370 4459 511 4548 viensis
540 4373 731 4562 Ecclesie,
763 4473 924 4577 quatuor
952 4487 1101 4546 marcas
1123 4457 1171 4546 de
1194 4457 1422 4546 Castellaoia
1445 4455 1715 4574 Woyboriensi
1736 4455 1932 4573 petivimus
1953 4455 2004 4544 ad

369 4575 637 4694 perficiendum
668 4576 870 4665 Castellum
901 4606 1039 4666 novum
1070 4577 1106 4664 io
1133 4582 1287 4680 Serere,
1317 4605 1387 4696 pro
1419 4575 1617 4662 munimine
1646 4587 1682 4661 et
1704 4573 1873 4664 subsidio
1904 4587 2005 4663 terre

463 4827 511 4913 ,(1)
538 4827 584 4894 Ex
607 4827 768 4914 ucheppo
789 4827 1020 4894 membranaceo
1044 4827 1183 4895 tabularii
1205 4809 1326 4913 capituli
1349 4825 1616 4894 Wladislariensis.
1656 4825 1799 4892 Taeniola
1821 4843 2003 4911 pergamena

372 4930 538 4998 appeninum
553 4921 599 4980 att
613 4933 738 5000 paruum
753 4911 839 4998 sigilli
854 4911 1064 4998 lragmcntum.

1804 5023 1846 5078 15·
