<?xml version="1.0" encoding="UTF-8"?>
<!DOCTYPE html PUBLIC "-//W3C//DTD XHTML 1.0 Transitional//EN"
    "http://www.w3.org/TR/xhtml1/DTD/xhtml1-transitional.dtd">
<html xmlns="http://www.w3.org/1999/xhtml" xml:lang="en" lang="en">
 <head>
  <title>
</title>
<meta http-equiv="Content-Type" content="text/html;charset=utf-8" />
  <meta name='ocr-system' content='tesseract 3.04.00' />
  <meta name='ocr-capabilities' content='ocr_page ocr_carea ocr_par ocr_line ocrx_word'/>
</head>
<body>
  <div class='ocr_page' id='page_1' title='image "./codexdiplomatic01bartgoog_0046.png"; bbox 0 0 4984 5930; ppageno 0'>
   <div class='ocr_carea' id='block_1_1' title="bbox 1147 775 1367 844">
    <p class='ocr_par' dir='ltr' id='par_1_1' title="bbox 1147 775 1367 844">
     <span class='ocr_line' id='line_1_1' title="bbox 1147 775 1367 844; baseline -0.018 -18"><span class='ocrx_word' id='word_1_1' title='bbox 1147 775 1367 844; x_wconf 62' lang='lat'>..2-</span> 
     </span>
    </p>
   </div>
   <div class='ocr_carea' id='block_1_2' title="bbox 442 969 2163 2261">
    <p class='ocr_par' dir='ltr' id='par_1_2' title="bbox 442 969 2163 2261">
     <span class='ocr_line' id='line_1_2' title="bbox 546 969 2073 1089; baseline -0.001 -33"><span class='ocrx_word' id='word_1_2' title='bbox 546 971 744 1084; x_wconf 87' lang='lat' dir='ltr'>Quociens</span> <span class='ocrx_word' id='word_1_3' title='bbox 773 970 860 1058; x_wconf 93' lang='lat' dir='ltr'>illud</span> <span class='ocrx_word' id='word_1_4' title='bbox 897 973 1059 1059; x_wconf 92' lang='lat' dir='ltr'>anobis</span> <span class='ocrx_word' id='word_1_5' title='bbox 1092 976 1246 1088; x_wconf 89' lang='lat' dir='ltr'>petitur,</span> <span class='ocrx_word' id='word_1_6' title='bbox 1283 971 1384 1089; x_wconf 93' lang='lat' dir='ltr'>quod</span> <span class='ocrx_word' id='word_1_7' title='bbox 1415 972 1549 1088; x_wconf 86' lang='lat' dir='ltr'>ratjoni</span> <span class='ocrx_word' id='word_1_8' title='bbox 1587 985 1624 1055; x_wconf 92' lang='lat' dir='ltr'>et</span> <span class='ocrx_word' id='word_1_9' title='bbox 1653 969 1836 1084; x_wconf 86' lang='lat' dir='ltr'>honestatj</span> <span class='ocrx_word' id='word_1_10' title='bbox 1869 969 2073 1055; x_wconf 86' lang='lat' dir='ltr'>convenire</span> 
     </span>
     <span class='ocr_line' id='line_1_3' title="bbox 444 1083 2163 1205; baseline -0.002 -29"><span class='ocrx_word' id='word_1_11' title='bbox 444 1089 667 1194; x_wconf 77' lang='lat' dir='ltr'><strong>dinoscitur,</strong></span> <span class='ocrx_word' id='word_1_12' title='bbox 708 1089 833 1176; x_wconf 92' lang='lat' dir='ltr'>animo</span> <span class='ocrx_word' id='word_1_13' title='bbox 870 1118 941 1176; x_wconf 92' lang='lat' dir='ltr'>nos</span> <span class='ocrx_word' id='word_1_14' title='bbox 978 1089 1088 1176; x_wconf 90' lang='lat' dir='ltr'>dccet</span> <span class='ocrx_word' id='word_1_15' title='bbox 1124 1089 1247 1205; x_wconf 84' lang='lat' dir='ltr'>libentj</span> <span class='ocrx_word' id='word_1_16' title='bbox 1288 1088 1522 1192; x_wconf 84' lang='lat' dir='ltr'>concedere,</span> <span class='ocrx_word' id='word_1_17' title='bbox 1564 1103 1601 1174; x_wconf 90' lang='lat' dir='ltr'>et</span> <span class='ocrx_word' id='word_1_18' title='bbox 1636 1088 1836 1203; x_wconf 91' lang='lat' dir='ltr'>petentium</span> <span class='ocrx_word' id='word_1_19' title='bbox 1877 1083 2073 1173; x_wconf 84' lang='lat' dir='ltr'>desideriis</span> <span class='ocrx_word' id='word_1_20' title='bbox 2159 1121 2163 1128; x_wconf 57' lang='lat'>¹</span> 
     </span>
     <span class='ocr_line' id='line_1_4' title="bbox 444 1203 2073 1326; baseline -0.003 -32"><span class='ocrx_word' id='word_1_21' title='bbox 444 1235 654 1324; x_wconf 86' lang='lat' dir='ltr'>congruum</span> <span class='ocrx_word' id='word_1_22' title='bbox 686 1206 862 1324; x_wconf 87' lang='lat' dir='ltr'>impertiri</span> <span class='ocrx_word' id='word_1_23' title='bbox 893 1208 1124 1326; x_wconf 88' lang='lat' dir='ltr'>sullragium.</span> <span class='ocrx_word' id='word_1_24' title='bbox 1177 1205 1390 1320; x_wconf 85' lang='lat' dir='ltr'>Quocirca,</span> <span class='ocrx_word' id='word_1_25' title='bbox 1432 1203 1657 1292; x_wconf 89' lang='lat' dir='ltr'>venerabilis</span> <span class='ocrx_word' id='word_1_26' title='bbox 1693 1204 1827 1306; x_wconf 83' lang='lat' dir='ltr'>irater,</span> <span class='ocrx_word' id='word_1_27' title='bbox 1859 1204 1930 1290; x_wconf 91' lang='lat' dir='ltr'>tuis</span> <span class='ocrx_word' id='word_1_28' title='bbox 1967 1204 2073 1290; x_wconf 91' lang='lat' dir='ltr'>iustis</span> 
     </span>
     <span class='ocr_line' id='line_1_5' title="bbox 442 1319 2072 1442; baseline -0.004 -30"><span class='ocrx_word' id='word_1_29' title='bbox 442 1323 753 1442; x_wconf 90' lang='lat' dir='ltr'>postulationibus</span> <span class='ocrx_word' id='word_1_30' title='bbox 775 1322 976 1410; x_wconf 88' lang='lat' dir='ltr'>elementer</span> <span class='ocrx_word' id='word_1_31' title='bbox 995 1326 1210 1429; x_wconf 80' lang='lat' dir='ltr'>annuimus,</span> <span class='ocrx_word' id='word_1_32' title='bbox 1244 1339 1281 1410; x_wconf 90' lang='lat' dir='ltr'>et</span> <span class='ocrx_word' id='word_1_33' title='bbox 1309 1329 1605 1410; x_wconf 81' lang='lat' dir='ltr'>Vlotiztoaensem</span> <span class='ocrx_word' id='word_1_34' title='bbox 1625 1321 1843 1426; x_wconf 89' lang='lat' dir='ltr'>ecclesiam,</span> <span class='ocrx_word' id='word_1_35' title='bbox 1874 1323 1952 1422; x_wconf 90' lang='lat' dir='ltr'>cui,</span> <span class='ocrx_word' id='word_1_36' title='bbox 1987 1319 2072 1406; x_wconf 90' lang='lat' dir='ltr'>Deo</span> 
     </span>
     <span class='ocr_line' id='line_1_6' title="bbox 442 1439 2073 1556; baseline -0.002 -28"><span class='ocrx_word' id='word_1_37' title='bbox 442 1456 608 1546; x_wconf 90' lang='lat' dir='ltr'>auctore,</span> <span class='ocrx_word' id='word_1_38' title='bbox 629 1469 785 1556; x_wconf 84' lang='lat' dir='ltr'>preesse</span> <span class='ocrx_word' id='word_1_39' title='bbox 802 1440 1022 1548; x_wconf 73' lang='lat' dir='ltr'>dinosceris</span> <span class='ocrx_word' id='word_1_40' title='bbox 1043 1442 1115 1529; x_wconf 93' lang='lat' dir='ltr'>sub</span> <span class='ocrx_word' id='word_1_41' title='bbox 1131 1443 1228 1529; x_wconf 89' lang='lat' dir='ltr'>beati</span> <span class='ocrx_word' id='word_1_42' title='bbox 1250 1441 1353 1528; x_wconf 91' lang='lat' dir='ltr'>Petri</span> <span class='ocrx_word' id='word_1_43' title='bbox 1373 1458 1411 1528; x_wconf 90' lang='lat' dir='ltr'>et</span> <span class='ocrx_word' id='word_1_44' title='bbox 1430 1455 1560 1528; x_wconf 91' lang='lat' dir='ltr'>nostra</span> <span class='ocrx_word' id='word_1_45' title='bbox 1582 1441 1816 1556; x_wconf 87' lang='lat' dir='ltr'>protectjone</span> <span class='ocrx_word' id='word_1_46' title='bbox 1836 1439 2073 1553; x_wconf 85' lang='lat' dir='ltr'>suscipimus,</span> 
     </span>
     <span class='ocr_line' id='line_1_7' title="bbox 443 1557 2071 1676; baseline -0.003 -31"><span class='ocrx_word' id='word_1_47' title='bbox 443 1573 481 1645; x_wconf 90' lang='lat' dir='ltr'>et</span> <span class='ocrx_word' id='word_1_48' title='bbox 509 1558 695 1675; x_wconf 88' lang='lat' dir='ltr'>presentis</span> <span class='ocrx_word' id='word_1_49' title='bbox 726 1560 852 1674; x_wconf 91' lang='lat' dir='ltr'>scriptj</span> <span class='ocrx_word' id='word_1_50' title='bbox 884 1558 1082 1676; x_wconf 81' lang='lat' dir='ltr'>privilegio</span> <span class='ocrx_word' id='word_1_51' title='bbox 1114 1560 1395 1646; x_wconf 86' lang='lat' dir='ltr'>communimus.</span> <span class='ocrx_word' id='word_1_52' title='bbox 1459 1559 1696 1661; x_wconf 87' lang='lat' dir='ltr'>Statuentes,</span> <span class='ocrx_word' id='word_1_53' title='bbox 1734 1573 1770 1642; x_wconf 92' lang='lat' dir='ltr'>ut</span> <span class='ocrx_word' id='word_1_54' title='bbox 1808 1557 1985 1643; x_wconf 91' lang='lat' dir='ltr'>terminos</span> <span class='ocrx_word' id='word_1_55' title='bbox 2021 1557 2071 1672; x_wconf 89' lang='lat' dir='ltr'>tuj</span> 
     </span>
     <span class='ocr_line' id='line_1_8' title="bbox 443 1671 2073 1794; baseline -0.003 -31"><span class='ocrx_word' id='word_1_56' title='bbox 443 1672 707 1794; x_wconf 71' lang='lat' dir='ltr'>Episcopatus,</span> <span class='ocrx_word' id='word_1_57' title='bbox 735 1675 1076 1792; x_wconf 89' lang='lat' dir='ltr'>quemadamodum</span> <span class='ocrx_word' id='word_1_58' title='bbox 1093 1677 1176 1787; x_wconf 86' lang='lat' dir='ltr'>(sio)</span> <span class='ocrx_word' id='word_1_59' title='bbox 1197 1705 1221 1762; x_wconf 91' lang='lat' dir='ltr'>a</span> <span class='ocrx_word' id='word_1_60' title='bbox 1242 1677 1341 1764; x_wconf 90' lang='lat' dir='ltr'>bone</span> <span class='ocrx_word' id='word_1_61' title='bbox 1361 1678 1540 1762; x_wconf 90' lang='lat' dir='ltr'>memorie</span> <span class='ocrx_word' id='word_1_62' title='bbox 1561 1674 1700 1793; x_wconf 81' lang='lat' dir='ltr'>Egidio</span> <span class='ocrx_word' id='word_1_63' title='bbox 1722 1673 1939 1760; x_wconf 82' lang='lat' dir='ltr'>Tusculano</span> <span class='ocrx_word' id='word_1_64' title='bbox 1961 1671 2073 1789; x_wconf 89' lang='lat' dir='ltr'>Epis-</span> 
     </span>
     <span class='ocr_line' id='line_1_9' title="bbox 443 1791 2074 1961; baseline -0.003 -81"><span class='ocrx_word' id='word_1_65' title='bbox 443 1822 542 1909; x_wconf 94' lang='lat' dir='ltr'>copo</span> <span class='ocrx_word' id='word_1_66' title='bbox 574 1809 661 1878; x_wconf 89' lang='lat' dir='ltr'>tunc</span> <span class='ocrx_word' id='word_1_67' title='bbox 692 1792 900 1961; x_wconf 85' lang='lat' dir='ltr'>apostolice</span> <span class='ocrx_word' id='word_1_68' title='bbox 922 1791 1025 1879; x_wconf 90' lang='lat' dir='ltr'>sedis</span> <span class='ocrx_word' id='word_1_69' title='bbox 1045 1793 1194 1909; x_wconf 83' lang='lat' dir='ltr'>legato,</span> <span class='ocrx_word' id='word_1_70' title='bbox 1226 1808 1264 1880; x_wconf 88' lang='lat' dir='ltr'>ct</span> <span class='ocrx_word' id='word_1_71' title='bbox 1283 1823 1306 1879; x_wconf 90' lang='lat' dir='ltr'>a</span> <span class='ocrx_word' id='word_1_72' title='bbox 1327 1792 1511 1880; x_wconf 87' lang='lat' dir='ltr'>Bolezlao</span> <span class='ocrx_word' id='word_1_73' title='bbox 1532 1793 1645 1878; x_wconf 93' lang='lat' dir='ltr'>nobili</span> <span class='ocrx_word' id='word_1_74' title='bbox 1667 1791 1835 1878; x_wconf 86' lang='lat' dir='ltr'>eiusdem</span> <span class='ocrx_word' id='word_1_75' title='bbox 1856 1806 1954 1877; x_wconf 89' lang='lat' dir='ltr'>terre</span> <span class='ocrx_word' id='word_1_76' title='bbox 1976 1791 2074 1876; x_wconf 89' lang='lat' dir='ltr'>duce</span> 
     </span>
     <span class='ocr_line' id='line_1_10' title="bbox 443 1907 2073 2028; baseline -0.002 -32"><span class='ocrx_word' id='word_1_77' title='bbox 443 1909 569 1996; x_wconf 91' lang='lat' dir='ltr'>statuti</span> <span class='ocrx_word' id='word_1_78' title='bbox 590 1909 700 2022; x_wconf 90' lang='lat' dir='ltr'>sunt(</span> <span class='ocrx_word' id='word_1_79' title='bbox 729 1909 754 2020; x_wconf 89' lang='lat'>),</span> <span class='ocrx_word' id='word_1_80' title='bbox 775 1909 920 2028; x_wconf 91' lang='lat' dir='ltr'>absque</span> <span class='ocrx_word' id='word_1_81' title='bbox 937 1907 1177 1998; x_wconf 90' lang='lat' dir='ltr'>diminutione</span> <span class='ocrx_word' id='word_1_82' title='bbox 1198 1911 1332 2028; x_wconf 88' lang='lat' dir='ltr'>aliqua,</span> <span class='ocrx_word' id='word_1_83' title='bbox 1354 1923 1392 1996; x_wconf 91' lang='lat' dir='ltr'>tu</span> <span class='ocrx_word' id='word_1_84' title='bbox 1415 1911 1516 2026; x_wconf 89' lang='lat' dir='ltr'>ettuj</span> <span class='ocrx_word' id='word_1_85' title='bbox 1534 1937 1782 1996; x_wconf 87' lang='lat' dir='ltr'>successores</span> <span class='ocrx_word' id='word_1_86' title='bbox 1802 1910 2073 2025; x_wconf 88' lang='lat' dir='ltr'>inperpetuum</span> 
     </span>
     <span class='ocr_line' id='line_1_11' title="bbox 442 2023 2073 2146; baseline -0.004 -30"><span class='ocrx_word' id='word_1_87' title='bbox 442 2025 684 2146; x_wconf 85' lang='lat' dir='ltr'>possideatis</span> <span class='ocrx_word' id='word_1_88' title='bbox 747 2025 1022 2146; x_wconf 87' lang='lat' dir='ltr'>Quascumque</span> <span class='ocrx_word' id='word_1_89' title='bbox 1050 2030 1535 2146; x_wconf 51' lang='lat' dir='ltr'>pretereapmscssiones,</span> <span class='ocrx_word' id='word_1_90' title='bbox 1565 2057 1798 2144; x_wconf 88' lang='lat' dir='ltr'>quecumque</span> <span class='ocrx_word' id='word_1_91' title='bbox 1819 2026 1919 2113; x_wconf 88' lang='lat' dir='ltr'>bona</span> <span class='ocrx_word' id='word_1_92' title='bbox 1941 2023 2073 2112; x_wconf 89' lang='lat' dir='ltr'>eadem</span> 
     </span>
     <span class='ocr_line' id='line_1_12' title="bbox 443 2142 2074 2261; baseline -0.001 -31"><span class='ocrx_word' id='word_1_93' title='bbox 443 2142 607 2232; x_wconf 89' lang='lat' dir='ltr'>ecclesia</span> <span class='ocrx_word' id='word_1_94' title='bbox 634 2144 669 2228; x_wconf 95' lang='lat' dir='ltr'>in</span> <span class='ocrx_word' id='word_1_95' title='bbox 692 2145 963 2258; x_wconf 73' lang='lat' dir='ltr'>presentiarum</span> <span class='ocrx_word' id='word_1_96' title='bbox 989 2147 1085 2232; x_wconf 90' lang='lat' dir='ltr'>iuste</span> <span class='ocrx_word' id='word_1_97' title='bbox 1114 2159 1151 2230; x_wconf 91' lang='lat' dir='ltr'>et</span> <span class='ocrx_word' id='word_1_98' title='bbox 1171 2147 1354 2233; x_wconf 87' lang='lat' dir='ltr'>canonice</span> <span class='ocrx_word' id='word_1_99' title='bbox 1376 2145 1563 2261; x_wconf 75' lang='lat' dir='ltr'>possidet,</span> <span class='ocrx_word' id='word_1_100' title='bbox 1594 2145 1712 2230; x_wconf 94' lang='lat' dir='ltr'>autin</span> <span class='ocrx_word' id='word_1_101' title='bbox 1734 2145 1892 2229; x_wconf 83' lang='lat' dir='ltr'>futurum</span> <span class='ocrx_word' id='word_1_102' title='bbox 1914 2171 2074 2229; x_wconf 90' lang='lat' dir='ltr'>conces·</span> 
     </span>
    </p>
   </div>
   <div class='ocr_carea' id='block_1_3' title="bbox 443 2259 2289 2383">
    <p class='ocr_par' dir='ltr' id='par_1_3' title="bbox 443 2259 2289 2383">
     <span class='ocr_line' id='line_1_13' title="bbox 443 2259 2289 2383; baseline 0 -33"><span class='ocrx_word' id='word_1_103' title='bbox 443 2263 552 2350; x_wconf 89' lang='lat' dir='ltr'>sione</span> <span class='ocrx_word' id='word_1_104' title='bbox 573 2260 807 2378; x_wconf 81' lang='lat' dir='ltr'>pontificum,</span> <span class='ocrx_word' id='word_1_105' title='bbox 843 2263 1043 2380; x_wconf 77' lang='lat' dir='ltr'>largitione</span> <span class='ocrx_word' id='word_1_106' title='bbox 1070 2293 1204 2383; x_wconf 84' lang='lat' dir='ltr'>regum</span> <span class='ocrx_word' id='word_1_107' title='bbox 1230 2263 1291 2349; x_wconf 92' lang='lat' dir='ltr'>vel</span> <span class='ocrx_word' id='word_1_108' title='bbox 1318 2264 1546 2380; x_wconf 89' lang='lat' dir='ltr'>principum,</span> <span class='ocrx_word' id='word_1_109' title='bbox 1578 2262 1769 2377; x_wconf 88' lang='lat' dir='ltr'>obiatjone</span> <span class='ocrx_word' id='word_1_110' title='bbox 1789 2259 1972 2366; x_wconf 89' lang='lat' dir='ltr'>lidelium,</span> <span class='ocrx_word' id='word_1_111' title='bbox 2004 2287 2073 2346; x_wconf 88' lang='lat' dir='ltr'>seu</span> <span class='ocrx_word' id='word_1_112' title='bbox 2210 2267 2212 2272; x_wconf 77' lang='grc'><strong>’</strong></span> <span class='ocrx_word' id='word_1_113' title='bbox 2285 2341 2289 2350; x_wconf 85' lang='lat'><em>.</em></span> 
     </span>
    </p>
   </div>
   <div class='ocr_carea' id='block_1_4' title="bbox 328 2377 2073 3084">
    <p class='ocr_par' dir='ltr' id='par_1_4' title="bbox 442 2377 2073 2616">
     <span class='ocr_line' id='line_1_14' title="bbox 443 2377 2073 2499; baseline 0 -35"><span class='ocrx_word' id='word_1_114' title='bbox 443 2377 524 2464; x_wconf 90' lang='lat' dir='ltr'>aliis</span> <span class='ocrx_word' id='word_1_115' title='bbox 547 2377 651 2465; x_wconf 89' lang='lat' dir='ltr'>iustis</span> <span class='ocrx_word' id='word_1_116' title='bbox 673 2377 814 2483; x_wconf 93' lang='lat' dir='ltr'>modis,</span> <span class='ocrx_word' id='word_1_117' title='bbox 844 2378 919 2466; x_wconf 89' lang='lat' dir='ltr'>deo</span> <span class='ocrx_word' id='word_1_118' title='bbox 940 2381 1113 2498; x_wconf 93' lang='lat' dir='ltr'>propitjo,</span> <span class='ocrx_word' id='word_1_119' title='bbox 1142 2383 1279 2499; x_wconf 86' lang='lat' dir='ltr'>poterit</span> <span class='ocrx_word' id='word_1_120' title='bbox 1299 2380 1467 2496; x_wconf 91' lang='lat' dir='ltr'>adipisci,</span> <span class='ocrx_word' id='word_1_121' title='bbox 1489 2379 1595 2465; x_wconf 85' lang='lat' dir='ltr'>firma</span> <span class='ocrx_word' id='word_1_122' title='bbox 1617 2379 1679 2494; x_wconf 88' lang='lat' dir='ltr'>tibj</span> <span class='ocrx_word' id='word_1_123' title='bbox 1702 2379 1848 2497; x_wconf 89' lang='lat' dir='ltr'>tuisque</span> <span class='ocrx_word' id='word_1_124' title='bbox 1869 2407 2073 2466; x_wconf 89' lang='lat' dir='ltr'>successo-</span> 
     </span>
     <span class='ocr_line' id='line_1_15' title="bbox 442 2493 2073 2616; baseline -0.001 -34"><span class='ocrx_word' id='word_1_125' title='bbox 442 2495 546 2582; x_wconf 90' lang='lat' dir='ltr'>ribus</span> <span class='ocrx_word' id='word_1_126' title='bbox 567 2507 604 2582; x_wconf 92' lang='lat' dir='ltr'>et</span> <span class='ocrx_word' id='word_1_127' title='bbox 624 2493 760 2581; x_wconf 89' lang='lat' dir='ltr'>illibata</span> <span class='ocrx_word' id='word_1_128' title='bbox 782 2511 1037 2612; x_wconf 88' lang='lat' dir='ltr'>permaneant.</span> <span class='ocrx_word' id='word_1_129' title='bbox 1079 2497 1120 2584; x_wconf 96' lang='lat' dir='ltr'>ln</span> <span class='ocrx_word' id='word_1_130' title='bbox 1144 2499 1277 2616; x_wconf 92' lang='lat' dir='ltr'>quibus</span> <span class='ocrx_word' id='word_1_131' title='bbox 1298 2497 1370 2584; x_wconf 90' lang='lat' dir='ltr'>bec</span> <span class='ocrx_word' id='word_1_132' title='bbox 1391 2497 1605 2615; x_wconf 87' lang='lat' dir='ltr'>specialiter</span> <span class='ocrx_word' id='word_1_133' title='bbox 1626 2495 1798 2581; x_wconf 88' lang='lat' dir='ltr'>duximus</span> <span class='ocrx_word' id='word_1_134' title='bbox 1819 2493 2073 2613; x_wconf 87' lang='lat' dir='ltr'>exprimenda:</span> 
     </span>
    </p>

    <p class='ocr_par' dir='ltr' id='par_1_5' title="bbox 328 2612 2073 3084">
     <span class='ocr_line' id='line_1_16' title="bbox 443 2612 2073 2731; baseline -0.002 -31"><span class='ocrx_word' id='word_1_135' title='bbox 443 2627 607 2700; x_wconf 89' lang='lat' dir='ltr'>castrum</span> <span class='ocrx_word' id='word_1_136' title='bbox 649 2612 821 2704; x_wconf 78' lang='lat' dir='ltr'>videlicet</span> <span class='ocrx_word' id='word_1_137' title='bbox 858 2621 1007 2700; x_wconf 83' lang='lat' dir='ltr'>Woitor</span> <span class='ocrx_word' id='word_1_138' title='bbox 1028 2612 1082 2727; x_wconf 78' lang='lat'>(⁵)</span> <span class='ocrx_word' id='word_1_139' title='bbox 1119 2647 1203 2702; x_wconf 92' lang='lat' dir='ltr'>cum</span> <span class='ocrx_word' id='word_1_140' title='bbox 1246 2615 1419 2702; x_wconf 94' lang='lat' dir='ltr'>omnibus</span> <span class='ocrx_word' id='word_1_141' title='bbox 1460 2615 1539 2702; x_wconf 91' lang='lat' dir='ltr'>suis</span> <span class='ocrx_word' id='word_1_142' title='bbox 1575 2612 1829 2731; x_wconf 88' lang='lat' dir='ltr'>appendiciis:</span> <span class='ocrx_word' id='word_1_143' title='bbox 1871 2613 2073 2700; x_wconf 89' lang='lat' dir='ltr'>ecclesiam</span> 
     </span>
     <span class='ocr_line' id='line_1_17' title="bbox 328 2715 2073 2848; baseline -0.002 -29"><span class='ocrx_word' id='word_1_144' title='bbox 328 2715 334 2740; x_wconf 63' lang='grc'>’</span> <span class='ocrx_word' id='word_1_145' title='bbox 442 2743 574 2818; x_wconf 89' lang='lat' dir='ltr'>sancte</span> <span class='ocrx_word' id='word_1_146' title='bbox 595 2729 716 2816; x_wconf 90' lang='lat' dir='ltr'>lllarie</span> <span class='ocrx_word' id='word_1_147' title='bbox 736 2731 771 2816; x_wconf 93' lang='lat' dir='ltr'>in</span> <span class='ocrx_word' id='word_1_148' title='bbox 793 2737 996 2818; x_wconf 77' lang='lat' dir='ltr'>Zacr&#39;ctozt</span> <span class='ocrx_word' id='word_1_149' title='bbox 1011 2727 1065 2843; x_wconf 59' lang='grc' dir='ltr'>(ὅ)</span> <span class='ocrx_word' id='word_1_150' title='bbox 1095 2763 1178 2820; x_wconf 91' lang='lat' dir='ltr'>oum</span> <span class='ocrx_word' id='word_1_151' title='bbox 1201 2748 1329 2820; x_wconf 91' lang='lat' dir='ltr'>castro</span> <span class='ocrx_word' id='word_1_152' title='bbox 1349 2729 1544 2846; x_wconf 76' lang='lat' dir='ltr'>Loqoo(⁷)</span> <span class='ocrx_word' id='word_1_153' title='bbox 1566 2745 1604 2818; x_wconf 89' lang='lat' dir='ltr'>et</span> <span class='ocrx_word' id='word_1_154' title='bbox 1622 2731 1769 2818; x_wconf 91' lang='lat' dir='ltr'>decima</span> <span class='ocrx_word' id='word_1_155' title='bbox 1791 2731 1887 2836; x_wconf 91' lang='lat' dir='ltr'>eius,</span> <span class='ocrx_word' id='word_1_156' title='bbox 1917 2730 2073 2848; x_wconf 88' lang='lat' dir='ltr'>aliisque</span> 
     </span>
     <span class='ocr_line' id='line_1_18' title="bbox 341 2847 2073 2966; baseline 0.003 -40"><span class='ocrx_word' id='word_1_157' title='bbox 341 2905 347 2926; x_wconf 87' lang='lat'><strong>.</strong></span> <span class='ocrx_word' id='word_1_158' title='bbox 442 2849 520 2936; x_wconf 90' lang='lat' dir='ltr'>suis</span> <span class='ocrx_word' id='word_1_159' title='bbox 556 2847 802 2965; x_wconf 88' lang='lat' dir='ltr'>appendiciis.</span> <span class='ocrx_word' id='word_1_160' title='bbox 861 2848 1012 2936; x_wconf 88' lang='lat' dir='ltr'>Nonum</span> <span class='ocrx_word' id='word_1_161' title='bbox 1050 2881 1236 2936; x_wconf 93' lang='lat' dir='ltr'>nummum</span> <span class='ocrx_word' id='word_1_162' title='bbox 1275 2849 1323 2937; x_wconf 90' lang='lat' dir='ltr'>de</span> <span class='ocrx_word' id='word_1_163' title='bbox 1360 2851 1532 2937; x_wconf 90' lang='lat' dir='ltr'>omnibus</span> <span class='ocrx_word' id='word_1_164' title='bbox 1569 2879 1642 2966; x_wconf 89' lang='lat' dir='ltr'>que</span> <span class='ocrx_word' id='word_1_165' title='bbox 1680 2847 1876 2935; x_wconf 90' lang='lat' dir='ltr'>solountur</span> <span class='ocrx_word' id='word_1_166' title='bbox 1911 2848 2073 2935; x_wconf 90' lang='lat' dir='ltr'>ecclesie</span> 
     </span>
     <span class='ocr_line' id='line_1_19' title="bbox 350 2963 2072 3084; baseline -0.002 -30"><span class='ocrx_word' id='word_1_167' title='bbox 350 3051 359 3074; x_wconf 78' lang='grc'>,</span> <span class='ocrx_word' id='word_1_168' title='bbox 443 2978 574 3054; x_wconf 88' lang='lat' dir='ltr'>sancte</span> <span class='ocrx_word' id='word_1_169' title='bbox 600 2963 721 3052; x_wconf 86' lang='lat' dir='ltr'>blarie</span> <span class='ocrx_word' id='word_1_170' title='bbox 752 2965 800 3052; x_wconf 93' lang='lat' dir='ltr'>de</span> <span class='ocrx_word' id='word_1_171' title='bbox 821 2963 1087 3077; x_wconf 68' lang='lat' dir='ltr'>londonatl)</span> <span class='ocrx_word' id='word_1_172' title='bbox 1115 2967 1321 3054; x_wconf 89' lang='lat' dir='ltr'>secundum</span> <span class='ocrx_word' id='word_1_173' title='bbox 1344 2967 1556 3084; x_wconf 89' lang='lat' dir='ltr'>polonicam</span> <span class='ocrx_word' id='word_1_174' title='bbox 1572 2967 1767 3054; x_wconf 89' lang='lat' dir='ltr'>iustitiam:</span> <span class='ocrx_word' id='word_1_175' title='bbox 1798 2967 2072 3083; x_wconf 86' lang='lat' dir='ltr'>preposituram</span> 
     </span>
    </p>
   </div>
   <div class='ocr_carea' id='block_1_5' title="bbox 281 3081 2073 3322">
    <p class='ocr_par' dir='ltr' id='par_1_6' title="bbox 281 3081 2073 3322">
     <span class='ocr_line' id='line_1_20' title="bbox 442 3081 2073 3203; baseline -0.001 -33"><span class='ocrx_word' id='word_1_176' title='bbox 442 3084 563 3171; x_wconf 88' lang='lat' dir='ltr'>sancti</span> <span class='ocrx_word' id='word_1_177' title='bbox 592 3081 789 3168; x_wconf 88' lang='lat' dir='ltr'>lllicbaelis</span> <span class='ocrx_word' id='word_1_178' title='bbox 816 3085 852 3169; x_wconf 95' lang='lat' dir='ltr'>in</span> <span class='ocrx_word' id='word_1_179' title='bbox 876 3088 1060 3170; x_wconf 83' lang='lat' dir='ltr'>Crocom‘u</span> <span class='ocrx_word' id='word_1_180' title='bbox 1081 3115 1165 3171; x_wconf 90' lang='lat' dir='ltr'>cum</span> <span class='ocrx_word' id='word_1_181' title='bbox 1186 3085 1358 3171; x_wconf 91' lang='lat' dir='ltr'>omnibus</span> <span class='ocrx_word' id='word_1_182' title='bbox 1379 3085 1428 3172; x_wconf 92' lang='lat' dir='ltr'>ad</span> <span class='ocrx_word' id='word_1_183' title='bbox 1450 3113 1533 3172; x_wconf 90' lang='lat' dir='ltr'>eam</span> <span class='ocrx_word' id='word_1_184' title='bbox 1556 3084 1832 3203; x_wconf 83' lang='lat' dir='ltr'>pertinentibus</span> <span class='ocrx_word' id='word_1_185' title='bbox 1896 3083 2073 3169; x_wconf 91' lang='lat' dir='ltr'>Castrum</span> 
     </span>
     <span class='ocr_line' id='line_1_21' title="bbox 281 3197 2071 3322; baseline -0.001 -35"><span class='ocrx_word' id='word_1_186' title='bbox 281 3264 289 3308; x_wconf 37' lang='grc' dir='ltr'>ζ</span> <span class='ocrx_word' id='word_1_187' title='bbox 347 3244 356 3297; x_wconf 77' lang='grc'>;</span> <span class='ocrx_word' id='word_1_188' title='bbox 442 3197 669 3310; x_wconf 79' lang='lat' dir='ltr'>Kdnnzc(⁰)</span> <span class='ocrx_word' id='word_1_189' title='bbox 699 3203 734 3288; x_wconf 90' lang='lat' dir='ltr'>in</span> <span class='ocrx_word' id='word_1_190' title='bbox 766 3201 991 3288; x_wconf 89' lang='lat' dir='ltr'>Pomerania</span> <span class='ocrx_word' id='word_1_191' title='bbox 1023 3233 1105 3288; x_wconf 89' lang='lat' dir='ltr'>eum</span> <span class='ocrx_word' id='word_1_192' title='bbox 1133 3202 1280 3290; x_wconf 85' lang='lat' dir='ltr'>decima</span> <span class='ocrx_word' id='word_1_193' title='bbox 1310 3216 1383 3290; x_wconf 93' lang='lat' dir='ltr'>tam</span> <span class='ocrx_word' id='word_1_194' title='bbox 1415 3217 1584 3308; x_wconf 76' lang='lat' dir='ltr'>annone,</span> <span class='ocrx_word' id='word_1_195' title='bbox 1615 3233 1726 3322; x_wconf 92' lang='lat' dir='ltr'>quam</span> <span class='ocrx_word' id='word_1_196' title='bbox 1748 3203 1909 3290; x_wconf 92' lang='lat' dir='ltr'>omnium</span> <span class='ocrx_word' id='word_1_197' title='bbox 1931 3229 2071 3306; x_wconf 88' lang='lat' dir='ltr'>eorum,</span> 
     </span>
    </p>
   </div>
   <div class='ocr_carea' id='block_1_6' title="bbox 438 3449 2110 4948">
    <p class='ocr_par' dir='ltr' id='par_1_7' title="bbox 442 3449 2071 3602">
     <span class='ocr_line' id='line_1_22' title="bbox 442 3449 2071 3539; baseline -0.002 -22"><span class='ocrx_word' id='word_1_198' title='bbox 442 3459 586 3539; x_wconf 85' lang='lat' dir='ltr'>quotam</span> <span class='ocrx_word' id='word_1_199' title='bbox 630 3469 663 3515; x_wconf 91' lang='lat' dir='ltr'>re</span> <span class='ocrx_word' id='word_1_200' title='bbox 679 3451 866 3536; x_wconf 84' lang='lat' dir='ltr'>episcopatus</span> <span class='ocrx_word' id='word_1_201' title='bbox 887 3452 1121 3528; x_wconf 84' lang='lat' dir='ltr'>Grusuiciensis,</span> <span class='ocrx_word' id='word_1_202' title='bbox 1146 3451 1204 3516; x_wconf 91' lang='lat' dir='ltr'>dici</span> <span class='ocrx_word' id='word_1_203' title='bbox 1225 3471 1279 3517; x_wconf 88' lang='lat' dir='ltr'>coe</span> <span class='ocrx_word' id='word_1_204' title='bbox 1300 3459 1348 3516; x_wconf 90' lang='lat' dir='ltr'>tus</span> <span class='ocrx_word' id='word_1_205' title='bbox 1370 3461 1415 3517; x_wconf 89' lang='lat' dir='ltr'>est</span> <span class='ocrx_word' id='word_1_206' title='bbox 1430 3453 1688 3518; x_wconf 83' lang='lat' dir='ltr'>Wladislauiensis</span> <span class='ocrx_word' id='word_1_207' title='bbox 1709 3473 1736 3516; x_wconf 93' lang='grc'>1.</span> <span class='ocrx_word' id='word_1_208' title='bbox 1758 3450 1951 3535; x_wconf 84' lang='lat' dir='ltr'>Gujariensis.</span> <span class='ocrx_word' id='word_1_209' title='bbox 1994 3449 2071 3514; x_wconf 80' lang='lat' dir='ltr'>Vide</span> 
     </span>
     <span class='ocr_line' id='line_1_23' title="bbox 443 3534 1352 3602; baseline 0 -2"><span class='ocrx_word' id='word_1_210' title='bbox 443 3542 577 3600; x_wconf 82' lang='grc'>1011111</span> <span class='ocrx_word' id='word_1_211' title='bbox 612 3534 688 3600; x_wconf 87' lang='lat' dir='ltr'>bano</span> <span class='ocrx_word' id='word_1_212' title='bbox 702 3555 806 3600; x_wconf 86' lang='lat' dir='ltr'>rocem</span> <span class='ocrx_word' id='word_1_213' title='bbox 821 3536 852 3600; x_wconf 92' lang='lat' dir='ltr'>in</span> <span class='ocrx_word' id='word_1_214' title='bbox 867 3535 963 3601; x_wconf 88' lang='lat' dir='ltr'>indice</span> <span class='ocrx_word' id='word_1_215' title='bbox 977 3538 1064 3602; x_wconf 87' lang='lat' dir='ltr'>Tomi</span> <span class='ocrx_word' id='word_1_216' title='bbox 1078 3539 1100 3600; x_wconf 95' lang='grc'>1.</span> <span class='ocrx_word' id='word_1_217' title='bbox 1116 3535 1249 3600; x_wconf 85' lang='lat' dir='ltr'>nostriG</span> <span class='ocrx_word' id='word_1_218' title='bbox 1292 3536 1352 3600; x_wconf 92' lang='lat' dir='ltr'>icis.</span> 
     </span>
    </p>

    <p class='ocr_par' dir='ltr' id='par_1_8' title="bbox 440 3616 2110 4294">
     <span class='ocr_line' id='line_1_24' title="bbox 544 3616 2072 3706; baseline -0.001 -24"><span class='ocrx_word' id='word_1_219' title='bbox 544 3616 578 3702; x_wconf 78' lang='lat'>(⁴)</span> <span class='ocrx_word' id='word_1_220' title='bbox 602 3617 650 3684; x_wconf 88' lang='lat' dir='ltr'>Dc</span> <span class='ocrx_word' id='word_1_221' title='bbox 662 3619 770 3703; x_wconf 86' lang='lat' dir='ltr'>Egidio</span> <span class='ocrx_word' id='word_1_222' title='bbox 782 3617 932 3685; x_wconf 87' lang='lat' dir='ltr'>Cardinali</span> <span class='ocrx_word' id='word_1_223' title='bbox 947 3627 977 3684; x_wconf 93' lang='lat' dir='ltr'>et</span> <span class='ocrx_word' id='word_1_224' title='bbox 990 3621 1104 3705; x_wconf 87' lang='lat' dir='ltr'>Legato</span> <span class='ocrx_word' id='word_1_225' title='bbox 1118 3619 1184 3685; x_wconf 80' lang='lat' dir='ltr'>ride</span> <span class='ocrx_word' id='word_1_226' title='bbox 1200 3639 1278 3706; x_wconf 85' lang='lat' dir='ltr'>quae</span> <span class='ocrx_word' id='word_1_227' title='bbox 1293 3621 1432 3685; x_wconf 87' lang='lat' dir='ltr'>disseruit</span> <span class='ocrx_word' id='word_1_228' title='bbox 1442 3621 1608 3686; x_wconf 88' lang='lat' dir='ltr'>Lelerclius</span> <span class='ocrx_word' id='word_1_229' title='bbox 1623 3619 1743 3686; x_wconf 88' lang='lat' dir='ltr'>innotis</span> <span class='ocrx_word' id='word_1_230' title='bbox 1758 3617 2072 3684; x_wconf 67' lang='lat' dir='ltr'>adnumerandus</span> 
     </span>
     <span class='ocr_line' id='line_1_25' title="bbox 441 3701 2071 3802; baseline -0.001 -34"><span class='ocrx_word' id='word_1_231' title='bbox 441 3701 698 3788; x_wconf 73' lang='grc'>(113411101111</span> <span class='ocrx_word' id='word_1_232' title='bbox 718 3702 932 3784; x_wconf 77' lang='lat' dir='ltr'>„Poezotkowe</span> <span class='ocrx_word' id='word_1_233' title='bbox 950 3704 1203 3770; x_wconf 81' lang='lat' dir='ltr'>Prewodornstwo</span> <span class='ocrx_word' id='word_1_234' title='bbox 1217 3703 1356 3768; x_wconf 72' lang='lat' dir='ltr'>Poottt’</span> <span class='ocrx_word' id='word_1_235' title='bbox 1372 3703 1528 3769; x_wconf 88' lang='lat' dir='ltr'>abeodem</span> <span class='ocrx_word' id='word_1_236' title='bbox 1551 3705 1659 3788; x_wconf 89' lang='lat' dir='ltr'>Egidio</span> <span class='ocrx_word' id='word_1_237' title='bbox 1675 3703 1856 3802; x_wconf 89' lang='lat' dir='ltr'>episcopatui</span> <span class='ocrx_word' id='word_1_238' title='bbox 1879 3701 2071 3768; x_wconf 84' lang='lat' dir='ltr'>Craeovicnsi</span> 
     </span>
     <span class='ocr_line' id='line_1_26' title="bbox 441 3785 2110 3875; baseline -0.001 -23"><span class='ocrx_word' id='word_1_239' title='bbox 441 3789 549 3852; x_wconf 87' lang='lat' dir='ltr'>datam</span> <span class='ocrx_word' id='word_1_240' title='bbox 584 3791 727 3853; x_wconf 78' lang='lat' dir='ltr'>Attamen</span> <span class='ocrx_word' id='word_1_241' title='bbox 742 3787 774 3852; x_wconf 91' lang='lat' dir='ltr'>in</span> <span class='ocrx_word' id='word_1_242' title='bbox 790 3787 839 3854; x_wconf 88' lang='lat' dir='ltr'>illa</span> <span class='ocrx_word' id='word_1_243' title='bbox 854 3787 954 3853; x_wconf 81' lang='lat' dir='ltr'>tabula</span> <span class='ocrx_word' id='word_1_244' title='bbox 969 3809 1068 3875; x_wconf 90' lang='lat' dir='ltr'>nequa</span> <span class='ocrx_word' id='word_1_245' title='bbox 1083 3787 1225 3853; x_wconf 86' lang='lat' dir='ltr'>ecclesiae</span> <span class='ocrx_word' id='word_1_246' title='bbox 1239 3787 1443 3873; x_wconf 83' lang='lat' dir='ltr'>Gujeviensis,</span> <span class='ocrx_word' id='word_1_247' title='bbox 1467 3809 1564 3874; x_wconf 90' lang='lat' dir='ltr'>neque</span> <span class='ocrx_word' id='word_1_248' title='bbox 1580 3789 1810 3863; x_wconf 80' lang='lat' dir='ltr'>Crusvieiensrs,</span> <span class='ocrx_word' id='word_1_249' title='bbox 1825 3786 1884 3852; x_wconf 90' lang='lat' dir='ltr'>ulla</span> <span class='ocrx_word' id='word_1_250' title='bbox 1900 3787 1934 3850; x_wconf 90' lang='lat' dir='ltr'>tit</span> <span class='ocrx_word' id='word_1_251' title='bbox 1948 3785 2069 3850; x_wconf 89' lang='lat' dir='ltr'>montio.</span> <span class='ocrx_word' id='word_1_252' title='bbox 2105 3862 2110 3870; x_wconf 31' lang='grc' dir='ltr'><strong><em>Ι</em></strong></span> 
     </span>
     <span class='ocr_line' id='line_1_27' title="bbox 440 3869 2074 3958; baseline -0.002 -20"><span class='ocrx_word' id='word_1_253' title='bbox 440 3871 530 3938; x_wconf 82' lang='lat' dir='ltr'>Aliud</span> <span class='ocrx_word' id='word_1_254' title='bbox 546 3871 648 3958; x_wconf 87' lang='lat' dir='ltr'>itaque</span> <span class='ocrx_word' id='word_1_255' title='bbox 662 3877 805 3936; x_wconf 81' lang='lat' dir='ltr'>statutum</span> <span class='ocrx_word' id='word_1_256' title='bbox 821 3871 859 3936; x_wconf 88' lang='lat' dir='ltr'>ab</span> <span class='ocrx_word' id='word_1_257' title='bbox 874 3873 979 3938; x_wconf 90' lang='lat' dir='ltr'>eodem</span> <span class='ocrx_word' id='word_1_258' title='bbox 994 3873 1092 3956; x_wconf 89' lang='lat' dir='ltr'>legato</span> <span class='ocrx_word' id='word_1_259' title='bbox 1107 3873 1136 3936; x_wconf 93' lang='lat' dir='ltr'>in</span> <span class='ocrx_word' id='word_1_260' title='bbox 1148 3891 1214 3936; x_wconf 88' lang='lat' dir='ltr'>ram</span> <span class='ocrx_word' id='word_1_261' title='bbox 1230 3871 1363 3957; x_wconf 75' lang='lat' dir='ltr'>eiusdem</span> <span class='ocrx_word' id='word_1_262' title='bbox 1379 3872 1521 3937; x_wconf 87' lang='lat' dir='ltr'>eeclesiae</span> <span class='ocrx_word' id='word_1_263' title='bbox 1533 3872 1790 3938; x_wconf 86' lang='lat' dir='ltr'>Wladislaviensis</span> <span class='ocrx_word' id='word_1_264' title='bbox 1802 3869 1967 3956; x_wconf 83' lang='lat' dir='ltr'>prolectam</span> <span class='ocrx_word' id='word_1_265' title='bbox 1979 3869 2074 3935; x_wconf 89' lang='lat' dir='ltr'>luisse</span> 
     </span>
     <span class='ocr_line' id='line_1_28' title="bbox 441 3951 2073 4042; baseline -0.002 -20"><span class='ocrx_word' id='word_1_266' title='bbox 441 3975 564 4022; x_wconf 87' lang='lat' dir='ltr'>necesse</span> <span class='ocrx_word' id='word_1_267' title='bbox 579 3962 633 4032; x_wconf 86' lang='lat' dir='ltr'>cst,</span> <span class='ocrx_word' id='word_1_268' title='bbox 655 3975 749 4042; x_wconf 90' lang='lat' dir='ltr'>quum</span> <span class='ocrx_word' id='word_1_269' title='bbox 764 3957 848 4042; x_wconf 85' lang='lat' dir='ltr'>Papa</span> <span class='ocrx_word' id='word_1_270' title='bbox 861 3963 923 4021; x_wconf 88' lang='lat' dir='ltr'>tam</span> <span class='ocrx_word' id='word_1_271' title='bbox 938 3956 1048 4022; x_wconf 86' lang='lat' dir='ltr'>diserta</span> <span class='ocrx_word' id='word_1_272' title='bbox 1063 3955 1135 4021; x_wconf 92' lang='lat' dir='ltr'>illud</span> <span class='ocrx_word' id='word_1_273' title='bbox 1150 3955 1264 4020; x_wconf 82' lang='lat' dir='ltr'>aderat.</span> <span class='ocrx_word' id='word_1_274' title='bbox 1286 3955 1369 4021; x_wconf 93' lang='lat' dir='ltr'>ldem</span> <span class='ocrx_word' id='word_1_275' title='bbox 1385 3976 1400 4020; x_wconf 91' lang='lat' dir='ltr'>a</span> <span class='ocrx_word' id='word_1_276' title='bbox 1424 3964 1509 4040; x_wconf 88' lang='lat' dir='ltr'>paret</span> <span class='ocrx_word' id='word_1_277' title='bbox 1523 3978 1560 4022; x_wconf 84' lang='lat' dir='ltr'>ex</span> <span class='ocrx_word' id='word_1_278' title='bbox 1575 3957 1654 4022; x_wconf 90' lang='lat' dir='ltr'>bulla</span> <span class='ocrx_word' id='word_1_279' title='bbox 1668 3957 1834 4022; x_wconf 85' lang='lat' dir='ltr'>Innocentii</span> <span class='ocrx_word' id='word_1_280' title='bbox 1849 3957 1884 4020; x_wconf 95' lang='grc'>11.</span> <span class='ocrx_word' id='word_1_281' title='bbox 1900 3955 1972 4020; x_wconf 90' lang='lat' dir='ltr'>anni</span> <span class='ocrx_word' id='word_1_282' title='bbox 1991 3951 2073 4018; x_wconf 91' lang='grc'>1133</span> 
     </span>
     <span class='ocr_line' id='line_1_29' title="bbox 441 3977 2071 4138; baseline -0.002 -34"><span class='ocrx_word' id='word_1_283' title='bbox 441 4059 517 4128; x_wconf 89' lang='lat' dir='ltr'>quae</span> <span class='ocrx_word' id='word_1_284' title='bbox 532 4041 609 4126; x_wconf 77' lang='lat' dir='ltr'>typis</span> <span class='ocrx_word' id='word_1_285' title='bbox 624 4038 772 4132; x_wconf 85' lang='lat' dir='ltr'>descripta</span> <span class='ocrx_word' id='word_1_286' title='bbox 788 4049 833 4105; x_wconf 88' lang='lat' dir='ltr'>est</span> <span class='ocrx_word' id='word_1_287' title='bbox 852 4041 882 4105; x_wconf 93' lang='lat' dir='ltr'>in</span> <span class='ocrx_word' id='word_1_288' title='bbox 898 4061 976 4106; x_wconf 86' lang='lat' dir='ltr'>noro</span> <span class='ocrx_word' id='word_1_289' title='bbox 990 4040 1102 4108; x_wconf 83' lang='lat' dir='ltr'>Codice</span> <span class='ocrx_word' id='word_1_290' title='bbox 1117 4041 1314 4106; x_wconf 88' lang='lat' dir='ltr'>Pomeraniaa</span> <span class='ocrx_word' id='word_1_291' title='bbox 1329 4061 1358 4138; x_wconf 93' lang='lat' dir='ltr'>p.</span> <span class='ocrx_word' id='word_1_292' title='bbox 1372 3977 1481 4106; x_wconf 72' lang='lat' dir='ltr'>2de0</span> <span class='ocrx_word' id='word_1_293' title='bbox 1498 4041 1545 4106; x_wconf 80' lang='lat'>12.</span> <span class='ocrx_word' id='word_1_294' title='bbox 1574 4041 1608 4104; x_wconf 94' lang='lat' dir='ltr'>ln</span> <span class='ocrx_word' id='word_1_295' title='bbox 1623 4061 1682 4128; x_wconf 84' lang='lat' dir='ltr'>qua</span> <span class='ocrx_word' id='word_1_296' title='bbox 1697 4035 1776 4106; x_wconf 89' lang='lat' dir='ltr'>bulla</span> <span class='ocrx_word' id='word_1_297' title='bbox 1791 4041 1871 4126; x_wconf 90' lang='lat' dir='ltr'>Papa</span> <span class='ocrx_word' id='word_1_298' title='bbox 1886 4037 2071 4123; x_wconf 87' lang='lat' dir='ltr'>subjiciendo</span> 
     </span>
     <span class='ocr_line' id='line_1_30' title="bbox 440 4122 2072 4210; baseline -0.001 -22"><span class='ocrx_word' id='word_1_299' title='bbox 440 4125 642 4209; x_wconf 88' lang='lat' dir='ltr'>episcopatum</span> <span class='ocrx_word' id='word_1_300' title='bbox 666 4125 947 4190; x_wconf 81' lang='lat' dir='ltr'>wladislaviensem</span> <span class='ocrx_word' id='word_1_301' title='bbox 969 4125 1108 4210; x_wconf 88' lang='lat' dir='ltr'>potestati</span> <span class='ocrx_word' id='word_1_302' title='bbox 1123 4124 1336 4208; x_wconf 80' lang='lat' dir='ltr'>archiepiscopi</span> <span class='ocrx_word' id='word_1_303' title='bbox 1358 4123 1640 4210; x_wconf 85' lang='lat' dir='ltr'>Magdeburgensis‚</span> <span class='ocrx_word' id='word_1_304' title='bbox 1663 4127 1741 4191; x_wconf 88' lang='lat' dir='ltr'>inter</span> <span class='ocrx_word' id='word_1_305' title='bbox 1755 4133 1853 4192; x_wconf 89' lang='lat' dir='ltr'>cetera</span> <span class='ocrx_word' id='word_1_306' title='bbox 1868 4123 1905 4188; x_wconf 89' lang='lat' dir='ltr'>de</span> <span class='ocrx_word' id='word_1_307' title='bbox 1920 4122 2072 4188; x_wconf 84' lang='lat' dir='ltr'>veteribus</span> 
     </span>
     <span class='ocr_line' id='line_1_31' title="bbox 441 4208 1865 4294; baseline 0.002 -23"><span class='ocrx_word' id='word_1_308' title='bbox 441 4227 561 4294; x_wconf 88' lang='lat' dir='ltr'>quoque</span> <span class='ocrx_word' id='word_1_309' title='bbox 577 4227 701 4272; x_wconf 84' lang='lat' dir='ltr'>suorum</span> <span class='ocrx_word' id='word_1_310' title='bbox 716 4217 940 4275; x_wconf 87' lang='lat' dir='ltr'>antecessorum</span> <span class='ocrx_word' id='word_1_311' title='bbox 955 4209 1193 4274; x_wconf 89' lang='lat' dir='ltr'>ordinationibus</span> <span class='ocrx_word' id='word_1_312' title='bbox 1208 4208 1262 4272; x_wconf 89' lang='lat' dir='ltr'>bac</span> <span class='ocrx_word' id='word_1_313' title='bbox 1279 4208 1307 4272; x_wconf 91' lang='lat' dir='ltr'>in</span> <span class='ocrx_word' id='word_1_314' title='bbox 1323 4229 1356 4273; x_wconf 93' lang='lat' dir='ltr'>re</span> <span class='ocrx_word' id='word_1_315' title='bbox 1371 4208 1574 4294; x_wconf 88' lang='lat' dir='ltr'>promulgatis,</span> <span class='ocrx_word' id='word_1_316' title='bbox 1589 4209 1865 4276; x_wconf 82' lang='lat' dir='ltr'>mentionem-lacit.</span> 
     </span>
    </p>

    <p class='ocr_par' dir='ltr' id='par_1_9' title="bbox 545 4289 1490 4380">
     <span class='ocr_line' id='line_1_32' title="bbox 545 4289 1490 4380; baseline 0.004 -26"><span class='ocrx_word' id='word_1_317' title='bbox 545 4289 579 4374; x_wconf 78' lang='lat'>(⁵)</span> <span class='ocrx_word' id='word_1_318' title='bbox 608 4292 748 4356; x_wconf 81' lang='lat' dir='ltr'>Wolborz</span> <span class='ocrx_word' id='word_1_319' title='bbox 763 4294 906 4380; x_wconf 88' lang='lat' dir='ltr'>oppidum</span> <span class='ocrx_word' id='word_1_320' title='bbox 921 4301 951 4359; x_wconf 89' lang='lat' dir='ltr'>et</span> <span class='ocrx_word' id='word_1_321' title='bbox 965 4301 1094 4359; x_wconf 83' lang='lat' dir='ltr'>castrum</span> <span class='ocrx_word' id='word_1_322' title='bbox 1109 4293 1240 4378; x_wconf 78' lang='lat' dir='ltr'>regionis</span> <span class='ocrx_word' id='word_1_323' title='bbox 1256 4293 1490 4360; x_wconf 87' lang='lat' dir='ltr'>Petriooviensis.</span> 
     </span>
    </p>

    <p class='ocr_par' dir='ltr' id='par_1_10' title="bbox 542 4375 1351 4476">
     <span class='ocr_line' id='line_1_33' title="bbox 542 4375 1351 4476; baseline 0.005 -38"><span class='ocrx_word' id='word_1_324' title='bbox 542 4375 567 4456; x_wconf 74' lang='lat'>(⁰</span> <span class='ocrx_word' id='word_1_325' title='bbox 604 4375 773 4440; x_wconf 75' lang='lat' dir='ltr'>Zowiobmt</span> <span class='ocrx_word' id='word_1_326' title='bbox 786 4378 928 4462; x_wconf 91' lang='lat' dir='ltr'>oppidum</span> <span class='ocrx_word' id='word_1_327' title='bbox 944 4378 1074 4476; x_wconf 81' lang='lat' dir='ltr'>regionis</span> <span class='ocrx_word' id='word_1_328' title='bbox 1089 4377 1351 4443; x_wconf 88' lang='lat' dir='ltr'>Sandomiriensis.</span> 
     </span>
    </p>

    <p class='ocr_par' dir='ltr' id='par_1_11' title="bbox 438 4457 2071 4800">
     <span class='ocr_line' id='line_1_34' title="bbox 542 4457 2069 4546; baseline 0.001 -25"><span class='ocrx_word' id='word_1_329' title='bbox 542 4459 566 4540; x_wconf 84' lang='lat'>(²</span> <span class='ocrx_word' id='word_1_330' title='bbox 603 4457 721 4544; x_wconf 72' lang='lat' dir='ltr'>Lepon</span> <span class='ocrx_word' id='word_1_331' title='bbox 736 4468 865 4526; x_wconf 87' lang='lat' dir='ltr'>castrum</span> <span class='ocrx_word' id='word_1_332' title='bbox 881 4470 911 4526; x_wconf 89' lang='lat' dir='ltr'>at</span> <span class='ocrx_word' id='word_1_333' title='bbox 925 4463 1068 4546; x_wconf 90' lang='lat' dir='ltr'>opprdum</span> <span class='ocrx_word' id='word_1_334' title='bbox 1083 4462 1262 4546; x_wconf 87' lang='lat' dir='ltr'>palatinatus</span> <span class='ocrx_word' id='word_1_335' title='bbox 1285 4461 1530 4538; x_wconf 89' lang='lat' dir='ltr'>Sandomiriensi‚</span> <span class='ocrx_word' id='word_1_336' title='bbox 1552 4465 1682 4546; x_wconf 81' lang='lat' dir='ltr'>regionis</span> <span class='ocrx_word' id='word_1_337' title='bbox 1698 4458 1916 4546; x_wconf 79' lang='lat' dir='ltr'>Opotoriensis</span> <span class='ocrx_word' id='word_1_338' title='bbox 1943 4457 2069 4541; x_wconf 86' lang='lat' dir='ltr'>Dlugos·</span> 
     </span>
     <span class='ocr_line' id='line_1_35' title="bbox 441 4539 2069 4631; baseline -0.001 -23"><span class='ocrx_word' id='word_1_339' title='bbox 441 4544 504 4608; x_wconf 85' lang='lat' dir='ltr'>sius</span> <span class='ocrx_word' id='word_1_340' title='bbox 526 4549 641 4607; x_wconf 84' lang='lat' dir='ltr'>namot:</span> <span class='ocrx_word' id='word_1_341' title='bbox 663 4543 862 4609; x_wconf 89' lang='lat' dir='ltr'>Wladislaum</span> <span class='ocrx_word' id='word_1_342' title='bbox 884 4545 1089 4622; x_wconf 79' lang='lat' dir='ltr'>Hemonam,</span> <span class='ocrx_word' id='word_1_343' title='bbox 1110 4545 1289 4630; x_wconf 86' lang='lat' dir='ltr'>deprecante</span> <span class='ocrx_word' id='word_1_344' title='bbox 1303 4567 1397 4612; x_wconf 86' lang='lat' dir='ltr'>uxore</span> <span class='ocrx_word' id='word_1_345' title='bbox 1412 4548 1506 4631; x_wconf 90' lang='lat' dir='ltr'>ipsius</span> <span class='ocrx_word' id='word_1_346' title='bbox 1520 4547 1630 4623; x_wconf 87' lang='lat' dir='ltr'>Judita,</span> <span class='ocrx_word' id='word_1_347' title='bbox 1652 4546 1853 4612; x_wconf 86' lang='lat' dir='ltr'>castellaniam</span> <span class='ocrx_word' id='word_1_348' title='bbox 1868 4539 2069 4626; x_wconf 80' lang='lat' dir='ltr'>legoniensem</span> 
     </span>
     <span class='ocr_line' id='line_1_36' title="bbox 440 4623 2071 4714; baseline -0.002 -22"><span class='ocrx_word' id='word_1_349' title='bbox 440 4647 510 4692; x_wconf 90' lang='lat' dir='ltr'>cum</span> <span class='ocrx_word' id='word_1_350' title='bbox 533 4647 590 4692; x_wconf 88' lang='lat' dir='ltr'>suo</span> <span class='ocrx_word' id='word_1_351' title='bbox 612 4626 748 4693; x_wconf 79' lang='lat' dir='ltr'>districtu</span> <span class='ocrx_word' id='word_1_352' title='bbox 769 4627 910 4694; x_wconf 87' lang='lat' dir='ltr'>ecclesiae</span> <span class='ocrx_word' id='word_1_353' title='bbox 932 4629 1092 4714; x_wconf 84' lang='lat' dir='ltr'>cujariensi</span> <span class='ocrx_word' id='word_1_354' title='bbox 1119 4629 1199 4694; x_wconf 94' lang='lat' dir='ltr'>dono</span> <span class='ocrx_word' id='word_1_355' title='bbox 1224 4631 1383 4695; x_wconf 88' lang='lat' dir='ltr'>contulisse</span> <span class='ocrx_word' id='word_1_356' title='bbox 1406 4629 1539 4696; x_wconf 81' lang='grc'>11085.</span> <span class='ocrx_word' id='word_1_357' title='bbox 1574 4629 1726 4695; x_wconf 85' lang='lat' dir='ltr'>Elisabeth</span> <span class='ocrx_word' id='word_1_358' title='bbox 1748 4630 1852 4714; x_wconf 87' lang='lat' dir='ltr'>regina</span> <span class='ocrx_word' id='word_1_359' title='bbox 1875 4623 2020 4691; x_wconf 87' lang='lat' dir='ltr'>Poloniae</span> <span class='ocrx_word' id='word_1_360' title='bbox 2040 4633 2071 4689; x_wconf 89' lang='lat' dir='ltr'>et</span> 
     </span>
     <span class='ocr_line' id='line_1_37' title="bbox 438 4711 1629 4800; baseline -0.002 -20"><span class='ocrx_word' id='word_1_361' title='bbox 438 4713 614 4798; x_wconf 84' lang='lat' dir='ltr'>llungoriae</span> <span class='ocrx_word' id='word_1_362' title='bbox 630 4711 784 4798; x_wconf 81' lang='lat' dir='ltr'>privilagio</span> <span class='ocrx_word' id='word_1_363' title='bbox 800 4713 871 4777; x_wconf 84' lang='lat' dir='ltr'>anni</span> <span class='ocrx_word' id='word_1_364' title='bbox 888 4712 980 4789; x_wconf 83' lang='lat' dir='ltr'>toto,</span> <span class='ocrx_word' id='word_1_365' title='bbox 994 4713 1093 4778; x_wconf 86' lang='lat' dir='ltr'>villam</span> <span class='ocrx_word' id='word_1_366' title='bbox 1108 4715 1223 4799; x_wconf 88' lang='lat' dir='ltr'>Lagow</span> <span class='ocrx_word' id='word_1_367' title='bbox 1239 4715 1269 4778; x_wconf 93' lang='lat' dir='ltr'>in</span> <span class='ocrx_word' id='word_1_368' title='bbox 1284 4715 1426 4800; x_wconf 86' lang='lat' dir='ltr'>oppidum</span> <span class='ocrx_word' id='word_1_369' title='bbox 1441 4715 1629 4798; x_wconf 77' lang='lat' dir='ltr'>permutavit</span> 
     </span>
    </p>

    <p class='ocr_par' dir='ltr' id='par_1_12' title="bbox 542 4793 1717 4948">
     <span class='ocr_line' id='line_1_38' title="bbox 542 4793 1717 4948; baseline 0 -88"><span class='ocrx_word' id='word_1_370' title='bbox 542 4795 566 4878; x_wconf 82' lang='lat'>(⁸</span> <span class='ocrx_word' id='word_1_371' title='bbox 607 4793 808 4862; x_wconf 79' lang='lat' dir='ltr'>Smrdomierz</span> <span class='ocrx_word' id='word_1_372' title='bbox 819 4795 1028 4879; x_wconf 87' lang='lat' dir='ltr'>(Sandomiria)</span> <span class='ocrx_word' id='word_1_373' title='bbox 1043 4798 1124 4874; x_wconf 89' lang='lat' dir='ltr'>urbs,</span> <span class='ocrx_word' id='word_1_374' title='bbox 1132 4797 1308 4948; x_wconf 76' lang='lat' dir='ltr'>lprovinciae</span> <span class='ocrx_word' id='word_1_375' title='bbox 1325 4797 1459 4884; x_wconf 88' lang='lat' dir='ltr'>ejusdem</span> <span class='ocrx_word' id='word_1_376' title='bbox 1475 4797 1605 4863; x_wconf 88' lang='lat' dir='ltr'>nominis</span> <span class='ocrx_word' id='word_1_377' title='bbox 1620 4805 1717 4882; x_wconf 86' lang='lat' dir='ltr'>caput.</span> 
     </span>
    </p>
   </div>
   <div class='ocr_carea' id='block_1_7' title="bbox 541 4875 1257 4968">
    <p class='ocr_par' dir='ltr' id='par_1_13' title="bbox 541 4875 1257 4968">
     <span class='ocr_line' id='line_1_39' title="bbox 541 4875 1257 4968; baseline 0.001 -24"><span class='ocrx_word' id='word_1_378' title='bbox 541 4881 566 4962; x_wconf 72' lang='grc' dir='ltr'>1ο</span> <span class='ocrx_word' id='word_1_379' title='bbox 609 4875 930 4966; x_wconf 78' lang='lat' dir='ltr'>Gdonelchedanum)</span> <span class='ocrx_word' id='word_1_380' title='bbox 945 4881 1118 4966; x_wconf 85' lang='lat' dir='ltr'>germanice</span> <span class='ocrx_word' id='word_1_381' title='bbox 1162 4882 1257 4968; x_wconf 86' lang='lat' dir='ltr'>enzig.</span> 
     </span>
    </p>
   </div>
   <div class='ocr_carea' id='block_1_8' title="bbox 0 0 2496 5926">
    <p class='ocr_par' dir='ltr' id='par_1_14' title="bbox 0 0 2496 5926">
     <span class='ocr_line' id='line_1_40' title="bbox 0 0 2496 5926; baseline 0 0"><span class='ocrx_word' id='word_1_382' title='bbox 0 0 2496 5926; x_wconf 95' lang='lat' dir='ltr'> </span> 
     </span>
    </p>
   </div>
  </div>
 </body>
</html>
