4896 5926
1138 755 1411 831 -tto-

461 962 509 1051 tis
538 957 837 1049 Suoeessoribus
862 959 942 1050 suis
968 957 1121 1065 damus,
1149 959 1378 1047 eonlerimus
1398 973 1437 1046 et
1455 957 1559 1046 titulo
1577 971 1764 1076 perpetuo
1777 957 1860 1072 (sio)
1881 955 2094 1048 donationis

304 1067 318 1151 l
461 1077 642 1167 tradimus
661 1105 768 1216 pure,
798 1074 914 1167 libere
934 1089 972 1165 et
992 1075 1285 1168 irrevocabiliter
1304 1074 1403 1164 duos
1423 1103 1579 1164 mansos
1599 1073 1741 1164 liberos
1761 1076 1797 1163 in
1817 1081 1962 1189 Mopso
1980 1083 2092 1180 Vallo,

337 1201 352 1284 ἑ
405 1224 415 1249 ·
455 1199 565 1314 juxte
592 1195 788 1284 Civitatem
809 1205 976 1285 nostram
997 1195 1153 1282 'Studet
1172 1190 1245 1308 (ἲ),
1275 1195 1385 1284 etiam
1407 1222 1431 1280 a
1454 1193 1605 1282 Census
1625 1193 1831 1301 solutione,
1860 1183 1958 1282 Sors
1978 1223 2093 1284 exuo·

460 1315 582 1420 tione,
611 1315 675 1404 vel
688 1321 894 1428 porodtne,
923 1329 962 1403 et
981 1313 1155 1433 qualicuo
1184 1341 1231 1398 ue
1256 1313 1331 1400 alia
1350 1312 1554 1420 solutione,
1586 1340 1812 1430 quoeunque
1831 1313 1982 1401 nomine
2002 1343 2093 1402 oeu-

460 1446 610 1536 seatur,
643 1431 736 1518 lure
765 1431 1034 1537 haereditatio,
1069 1343 1230 1550 paelice
1265 1443 1303 1518 et
1329 1431 1473 1550 quiete,
1509 1431 1546 1518 io
1602 1445 1797 1546 erpetuum
1826 1429 2092 1549 possidendos:

460 1550 582 1667 sitque
613 1548 832 1670 praedictus
860 1548 1056 1657 witelich,
1094 1577 1179 1638 oum
1206 1549 1285 1636 suis
1312 1549 1474 1666 posteris
1502 1575 1551 1635 ao
1575 1458 1766 1667 legitimis
1783 1549 2093 1656 Sueoessoribus,

459 1665 741 1786 praediotorum
775 1665 990 1757 Leneorum
1025 1697 1139 1756 verus
1173 1666 1378 1773 Dominus,
1415 1666 1603 1786 legitimus
1639 1663 1777 1754 haeres
1812 1683 1852 1760 et
1877 1695 2093 1785 possessor,

461 1783 714 1874 omnimodam
748 1783 894 1875 babens
928 1782 1329 1875 laoultatem.eosdem
1357 1813 1514 1873 mansos
1542 1783 1660 1872 libere
1690 1781 1858 1890 tenendi,
1893 1783 2093 1892 uendendi,

322 2011 326 2026 Ι
460 1901 629 1992 donandi
648 1916 688 1990 et
706 1932 933 2024 quoeunque
961 1901 1077 1994 modo
1103 1931 1135 2022 a
1148 1931 1192 1990 se
1211 1899 1418 2006 alienandi,
1447 1901 1507 1990 uel
1528 1901 1638 1988 etiam
1658 1902 1805 1990 ratione
1825 1900 2094 1992 commodioris

460 2019 701 2110 haereditatis
731 2020 977 2138 permutandi.
1028 2020 1070 2108 ln
1096 2022 1204 2137 eujus
1232 2020 1289 2106 rei
1316 2017 1570 2106 oertitudinem
1597 2017 1803 2134 pleniorem
1832 2033 1870 2107 et
1889 2033 2095 2138 perpetuae

460 2136 672 2226 stabilitatis
698 2137 923 2245 lirmitetem,
953 2149 1191 2256 praesentem
1218 2137 1396 2256 pagiuam
1423 2135 1613 2227 conscribi
1640 2135 1794 2224 ieeimus
1823 2152 1860 2224 et
1879 2137 1997 2224 nostri
2024 2167 2095 2256 ap·

458 2256 643 2371 pensione
666 2253 786 2373 Sigilli
807 2255 1035 2343 communiri.
1084 2253 1391 2459 Aotumpublioe
1419 2255 1456 2340 in
1485 2251 1652 2370 Syradz,
1684 2253 1796 2343 Auno
1816 2253 1967 2342 Domini
1987 2261 2092 2360 1295,

461 2369 607 2486 Quinto
635 2367 726 2458 ldus
753 2371 927 2490 Augusti.
979 2371 1198 2461 Corambis
1254 2369 1413 2460 estibus:
1445 2371 1592 2460 Cumite
1611 2369 1772 2458 Zavissa
1793 2371 1983 2478 Palatino,
2012 2372 2092 2462 tto-

459 2489 559 2576 mioo
579 2485 767 2574 Mioltoele
788 2487 1034 2593 Cancellario,
1055 2519 1125 2604 per
1145 2489 1253 2605 eujus
1273 2517 1422 2574 manum
1442 2487 1518 2575 hoo
1535 2487 1779 2608 Privilegium
1795 2504 1854 2580 est
1894 2505 2092 2594 urreotum,

305 2603 323 2674 l
461 2605 611 2703 Comb
626 2603 786 2696 Msoisio
804 2604 958 2710 ludieo,
973 2605 1128 2694 Comite
1149 2604 1320 2730 Gdeslau
1340 2603 1565 2723 Subjudioe,
1590 2604 1847 2696 Procuratore
1866 2519 2091 2714 l’bomissio,

315 2790 320 2798 .
458 2721 759 2955 {pppipppibum
794 2736 833 2810 et
865 2721 1030 2813 Domino
1063 2721 1260 2811 Jaselroue
1291 2722 1487 2842 Soriptore
1521 2753 1570 2812 ao
1604 2722 1775 2826 Reotore
1808 2723 2006 2814 Eeolasiaa
2041 2722 2092 2813 de

516 3139 523 3154 ·
559 3055 599 3154 [fl
626 3055 968 3156 supereminentiae
984 3057 1179 3126 Wiellruror'at
1188 3057 1276 3143 juxa
1288 3055 1433 3145 opp'ulum
1449 3055 1577 3138 &adab
1592 3059 1674 3146 quod
1689 3059 1895 3147 iupolatiuubu
1908 3059 2092 3140 cuononi,

459 3159 591 3226 regionis
606 3160 653 3210 sur
667 3161 797 3208 nomrnrs
811 3147 910 3227 eaput,
924 3141 1015 3208 situm
1030 3149 1086 3208 est

560 3223 601 3309 ζ’)
628 3223 738 3314 latez
752 3223 895 3312 opp'dum
910 3225 1043 3310 regionis
1056 3225 1267 3318 Laneioiausia

1184 3527 1380 3714 untur.

560 3756 1026 3931 mecetranorum
1052 3795 1204 3886 1²95
1220 3795 1325 3884 'atto
1349 3795 1381 3882 1
1407 3797 1608 3882 norom
1635 3797 1987 3902 septennem.
2047 3819 2084 3858 -··

454 3995 769 4072 maur-u·
796 3997 867 4072 ou
894 3942 1274 4094 manusteneas
1295 3997 1446 4091 snum
1473 3987 1509 4076 n
1534 3998 1737 4106 nummu
1764 4004 1868 4076 nero
1896 3937 2090 4078 oman
2205 3972 2223 4089 ‚j

455 4095 687 4176 Μ·
702 4100 743 4288 ‚⁰²
763 4099 1898 4292 mmmmm.
1919 4095 2091 4178 tut

556 4415 769 4514 innomine
790 4419 948 4530 domiui,
978 4451 1101 4514 amen.
1154 4421 1344 4539 Quoniam
1365 4455 1410 4514 sa
1439 4427 1448 4444 ‘
1473 4441 1577 4516 otum
1608 4394 1778 4516 decrevit
1797 4429 2022 4534 auotoritas,
2052 4444 2092 4516 vt

457 4535 551 4636 tto]
566 4554 664 4649 aeta,
684 4569 759 4659 que
774 4554 939 4662 aguntur
957 4541 996 4630 in
1010 4557 1190 4664 tompore,
1211 4543 1317 4632 simul
1334 4542 1408 4632 dila
1435 4559 1545 4634 untm
1560 4575 1645 4634 oum
1661 4559 1843 4666 tempore,
1864 4547 1896 4634 si
1917 4575 1993 4634 non
2014 4546 2091 4634 lue·

542 4785 598 4888 1¹)
624 4785 672 4855 Ex
691 4787 852 4942 “sipi-ppo
873 4789 1104 4892 membraupoeo
1123 4791 1264 4892 tnbdurii
1284 4792 1447 4893 eujusdam·
1463 4794 1569 4892 pineti
1593 4795 1753 4896 ionlleguo
1777 4793 1923 4862 Gellieiua
1944 4795 2089 4892 eutrpt's

453 4873 645 4962 eampum
679 4873 759 4942 tunt
808 4893 940 4944 oroneo
953 4873 1060 4942 oolons
1073 4897 1154 4946 roser
1167 4897 1335 4966 appensum
1356 4885 1402 4947 est
1421 4872 1552 4966 ungulum
1569 4879 1714 4948 exhibens
1728 4879 1849 4948 leonem
1863 4877 1957 4948 dorso
1969 4877 2090 4968 equuleo
