4926 5940
1033 722 1347 822 l-crr-

225 1042 231 1055 x
389 923 624 1042 approbare,
654 951 857 1031 renouare
878 935 916 1008 et
935 921 1163 1054 confirmare
1180 922 1248 1056 di·
1321 953 1437 1008 emur.
1486 923 1603 1010 Cuius
1623 923 1772 1040 quidem
1794 940 1903 1014 tenor
1922 925 2028 1014 litere
2074 901 2078 910 i

389 1039 438 1129 de
459 1037 1027 1262 uibbbnbiinbiibibinifqddiss
1045 1050 1437 1362 etsienjpltlppgminum
1457 1168 1581 1273 gesta,
1602 1185 1677 1275 qua
1696 1173 1862 1280 aguntur
1879 1160 1917 1248 in
1933 1173 2027 1250 tem·
2169 1227 2171 1234 ·

389 1304 505 1482 porc,
535 1273 710 1364 labuntur
729 1303 803 1362 una
824 1303 909 1360 cnm
930 1287 1099 1392 tempore
1631 1274 1639 1290 ’

1190 1303 1321 1362 eorum
1340 1273 1539 1384 memoria,
1570 1274 1640 1362 nist
1669 1277 1916 1366 testimouium
1944 1277 2027 1391 (sic)

414 1409 577 1482 terarum
592 1421 641 1480 ac
661 1389 933 1482 municionibus
953 1390 1159 1510 sigillorum
1181 1389 1307 1480 debita
1326 1391 1615 1511 perhenncntur.
1656 1391 1923 1510 Significamus
1969 1427 2028 1484 re·

392 1511 561 1602 sentibus
582 1525 620 1598 ct
639 1510 770 1598 tuturis
791 1509 925 1628 quibus
946 1507 1107 1626 expedit,
1130 1510 1306 1599 noticiam
1326 1510 1564 1628 presencium
1593 1509 1785 1600 habituris:
1804 1507 1914 1604 „Nos
1938 1425 2028 1602 btu-

224 1641 226 1646 ’
390 1629 534 1718 nisiaus
560 1627 752 1747 genuclis
777 1641 936 1716 venator
961 1627 1217 1734 lanciciensis,
1248 1655 1321 1714 nec
1340 1655 1417 1716 non
1438 1626 1548 1716 heres
1570 1628 1733 1716 condam
1753 1628 1806 1716 dc
1825 1635 2028 1739 Pebzbka,

392 1746 479 1836 oiim
500 1743 549 1834 de
568 1751 709 1848 Kalen,
733 1745 935 1864 cupientes
966 1745 1146 1863 ampliare
1176 1744 1279 1832 bona
1308 1744 1403 1834 silue
1430 1745 1526 1834 inter
1548 1749 1749 1834 andecam
1769 1759 1807 1835 et
1829 1753 2027 1850 Pracdncz,

390 1865 503 1953 nobis
522 1894 571 1950 ex
593 1865 725 1952 fauore
745 1877 784 1976 et
803 1861 1015 1952 donacione
1034 1862 1190 1983 speciali
1210 1894 1235 1950 a
1265 1862 1517 1952 Serenissimn
1537 1865 1705 1983 principe
1734 1863 1849 1985 Rege
1868 1863 2029 1956 Polnnic

391 1982 556 2070 comisse
575 1980 680 2092 (sic),
700 1978 823 2070 viliam
843 1983 881 2068 in
901 1980 1035 2070 eadem
1055 1981 1152 2072 silua
1172 1981 1246 2070 boc
1265 1981 1415 2070 nomine
1436 1997 1712 2117 nunccupatam
1731 1989 1885 2101 Nywtp,
1906 1986 1943 2072 in
1971 1983 2028 2072 di·

393 2099 525 2188 strictu
553 2097 710 2186 lancicic
731 2094 806 2211 (²),
836 2115 947 2218 prout
976 2113 1036 2190 est
1065 2100 1147 2212 (sic)
1175 2099 1311 2188 insuis
1331 2098 1497 2221 gadibus
1518 2116 1556 2189 ct
1574 2101 1745 2190 limitibus
1766 2101 2028 2190 circumferen-

393 2216 534 2306 oialiter
561 2229 620 2304 est
649 2216 733 2330 (sic)
763 2215 913 2306 limitata
944 2234 981 2308 et
1010 2215 1203 2326 distincta,
1234 2217 1283 2306 de
1304 2217 1514 2308 octodecim
1536 2219 1679 2307 mansis
1699 2218 1735 2306 in
1756 2248 1871 2307 nowa
1899 2217 2030 2308 radiae

393 2333 647 2453 disposuimus
678 2334 951 2422 collocandam.
1011 2334 1053 2422 ln
1084 2366 1158 2455 qua
1187 2335 1338 2448 quidem
1370 2335 1457 2423 vdie
1495 2335 1595 2424 duos
1624 2365 1780 2426 mansos
1805 2335 1947 2425 liberos
1980 2335 2030 2426 da

419 2452 545 2540 rcfat'm
574 2450 805 2556 octodecim,
836 2453 989 2540 racione
1019 2449 1228 2539 aduocacic
1259 2453 1392 2570 vigore
1423 2453 1619 2540 memorati
1654 2467 1805 2540 etcum
1838 2485 1982 2543 consen

392 2481 519 2692 begis
539 2566 752 2672 Wiadisiai,
768 2567 1002 2656 vendidimus
1021 2581 1203 2704 perpetue
1224 2571 1464 2689 resignantes
1479 2568 1640 2658 honesto
1657 2569 1838 2658 Clementi
1855 2571 1903 2660 dc
1918 2579 2030 2659 Dzsi·

395 2691 498 2776 dicae
518 2703 554 2776 et
574 2687 653 2776 suis
674 2686 963 2776 successoribus
983 2686 1186 2806 iegittrmis,
1203 2716 1289 2774 cum
1310 2688 1409 2774 omni
1424 2687 1511 2804 jure
1531 2685 1737 2776 Srzedcnsi
1757 2717 1827 2774 seu
1847 2686 2031 2778 theutuni-

396 2835 462 2910 co,
495 2835 566 2924 prn
596 2804 883 3010 quinpuedecim
913 2805 1052 2894 marcis
1082 2804 1275 2894 usualibus
1302 2820 1453 2894 monete
1481 2821 1519 2894 et
1539 2805 1683 2892 numeri
1686 2803 1941 3010 polonicalis,
1973 2819 2028 2893 te·

395 2923 561 3030 nendos,
582 2925 687 3042 possi
717 2920 857 3030 andos,
879 2922 1123 3032 vendendos,
1144 2921 1408 3012 oomuttandos
1435 2923 1526 3029 (sic),
1556 2921 1685 3010 donan
1712 2951 1775 3010 cs:
1807 2925 1907 3011 iuxta
1927 2921 2030 3042 quod

394 3041 465 3130 sibi
492 3040 623 3132 metius
650 3057 689 3129 et
713 3041 834 3130 utilius
863 3040 1050 3132 videbitur
1076 3040 1272 3162 expedire:
1332 3041 1468 3130 talibus
1499 3039 1784 3129 condicionibus
1817 3041 2028 3130 interiectis

395 3157 516 3274 Quod
535 3161 703 3277 prefatus
722 3157 933 3248 aduocatos
953 3189 1027 3248 nna
1047 3191 1131 3248 curn
1153 3189 1223 3246 sua
1243 3160 1461 3277 posteritate
1495 3158 1676 3278 legittima
1702 3157 1891 3248 nobisne!
1912 3156 2029 3246 domi·

394 3307 474 3392 no,·
496 3279 557 3396 qui
577 3307 648 3395 pro
677 3292 847 3397 tempore
875 3277 1000 3381 fuerit,
1030 3279 1067 3364 in
1087 3305 1187 3391 equo
1208 3292 1245 3364 et
1264 3279 1442 3396 expensis
1463 3277 1636 3395 proprijs,
1666 3277 1724 3364 sic
1750 3292 1895 3364 remote
1925 3275 2030 3394 quod

394 3394 619 3602 iiiiii?
622 3425 680 3599 ⁰1¹1?
701 3394 1108 3602 didimidiidii
1117 3397 1420 3602 iiidipdi
1422 3391 2030 3602 ttd‘tt‘ttt‘tdtttt

395 3631 526 3718 valore
554 3581 649 3745 (sib),
671 3542 756 3718 idun
786 3544 939 3720 doniino
964 3629 1015 3720 ad
1044 3545 1205 3720 eabdcm
1233 3543 1529 3752 errpiediaiiinemp
1546 3544 1732 3718 tcbebitur
1752 3630 1937 3748 equitare,
1967 3627 2030 3715 uei

396 3747 557 3862 aliquem
584 3750 670 3839 loco
697 3749 756 3838 sui
780 3749 972 3865 expedire.
1032 3748 1124 3843 imm
1154 3747 1367 3839 aduncatus
1386 3779 1472 3838 cum
1492 3749 1628 3838 ceteris
1648 3745 1785 3837 ibidem
1805 3747 1939 3836 incolis
1959 3775 2030 3864 pro

397 3897 637 3988 quocumque
665 3898 780 3976 casu,
810 3897 993 3973 excessu,
1025 3897 1102 3958 non
1131 3867 1225 3956 alias
1255 3894 1367 3982 quam
1396 3869 1432 3957 in
1460 3865 1593 3956 eadem
1623 3866 1728 3972 vitta,
1771 3865 1920 3953 cudibet
1941 3863 2030 3979 jure

395 4000 592 4103 pretaxato
627 3985 863 4105 respondere
883 3983 1115 4074 tenebuntur.
1175 3986 1236 4074 Ac
1256 3989 1375 4075 eciam
1396 3985 1494 4072 idem
1531 4013 1663 4072 omnes
1685 3997 1722 4069 et
1741 3981 1913 4100 singulas
1937 4008 2029 4068 cau·

397 4132 476 4209 sas,
495 4113 572 4187 tam
593 4132 755 4221 magnas
774 4133 871 4218 quas
892 4104 974 4213 (sic)
996 4131 1162 4218 parwns,
1193 4133 1267 4220 que
1287 4101 1429 4192 eisdem
1451 4099 1667 4204 acciderint,
1682 4097 1864 4186 videlicet:
1885 4096 2028 4214 capitis,

396 4217 663 4324 mutilacionis,
693 4217 876 4306 violencie
909 4233 946 4306 et
973 4220 1074 4318 turri,
1099 4219 1187 4334 jure
1216 4217 1421 4308 Srzedensi
1447 4213 1624 4304 iudicabit
1651 4217 1688 4303 in
1706 4213 1915 4302 hereditate
1941 4243 2028 4331 prc-
2196 4287 2199 4300 .

397 4335 510 4426 dicta.
570 4333 621 4424 Et
648 4333 697 4422 de
724 4333 868 4424 escen
894 4333 1021 4422 causis
1051 4349 1088 4422 ct
1121 4335 1228 4452 penis
1255 4337 1473 4454 peripsum
1502 4331 1675 4422 iudicatis
1709 4329 1844 4420 domus
1873 4331 2028 4454 torcium

398 4453 609 4546 denarium:
649 4485 723 4544 una
763 4482 848 4542 cum
887 4465 967 4542 toto
1009 4449 1165 4542 denario
1197 4453 1399 4570 jruameuti
1447 4481 1518 4572 pro
1558 4481 1603 4540 se
1643 4448 1833 4552 obtinebit
1893 4445 2028 4538 Eciam

461 4838 469 4854 ·
499 4753 540 4855 (²)
567 4755 670 4824 Kalen
683 4753 824 4907 rilindem
839 4753 1003 4840 descripta:
1023 4751 1175 4855 &andeca
1194 4752 1338 4854 oppidum
1349 4751 1494 4854 territorii
1509 4747 1859 4852 &pudendm-regionis
1874 4767 1946 4850 repo
1960 4745 2028 4847 Rp·

398 4838 561 4921 wotrensrs,
575 4861 669 4928 prope
683 4861 743 4929 opp
775 4861 827 4910 um
841 4837 1013 4917 chdcrcn3
1028 4839 1096 4907 udlu
1109 4837 1215 4906 Noa
1228 4845 1369 4906 terrrtoru
1381 4837 1592 4946 ‘Gnstynouam
1602 4833 1766 4918 pommus
1780 4834 2019 4902 Durembreensrs
