4878 5942
977 689 1346 808 l-ars-

399 891 509 982 tibus:
529 890 696 982 Diuissio
716 893 916 1011 capitaneo
935 891 1163 1007 lanciciensi,
1196 891 1340 980 Oiione
1359 891 1588 980 cancellario
1613 891 1785 998 Polonic,
1819 895 2021 1016 Boguslao

312 1065 316 1086 ·
394 1010 445 1100 dc
468 1015 652 1126 Oporou,
673 1008 837 1098 Nicolao
858 1009 907 1098 de
936 1015 1142 1117 Wleour'ce,
1192 1011 1350 1099 Alberic
1371 1009 1420 1097 de
1453 1015 1608 1098 Cosczot
1626 1013 1662 1098 in
1683 1011 1852 1128 Cuyauia
1873 1013 2022 1104 heredi·

394 1127 489 1235 bus;
520 1143 559 1216 ei
578 1128 731 1219 domino
752 1127 934 1218 Floriano
955 1128 1182 1216 cancellario
1203 1128 1439 1233 lanciciensi,
1472 1159 1540 1246 per
1577 1131 1683 1216 ouius
1704 1158 1837 1217 manus
1861 1161 2022 1248 presens

394 1246 630 1367 priuilegium
652 1247 839 1336 transicit:
870 1246 1049 1364 scriptum
1080 1261 1205 1334 nutem
1234 1277 1304 1366 per
1324 1275 1458 1338 manus
1478 1245 1615 1334 Jacobi
1636 1246 1686 1333 de
1709 1253 1867 1338 Orsoua
1886 1249 2020 1367 nuterij

394 1393 498 1454 curre
517 1379 647 1454 nostre
668 1362 738 1476 (⁴).
835 1383 836 1386 ‘

394 1589 396 1592 ’
443 1663 451 1678 ·
494 1579 537 1680 (⁴)
571 1578 702 1680 Oporow
725 1580 794 1648 uilla
819 1579 963 1680 territorii
989 1561 1188 1670 Gustynausis
1212 1582 1345 1668 regionis
1371 1581 1577 1680 erouiensis,
1606 1583 1772 1651 witimar
1796 1583 1863 1650 villa
1878 1583 2021 1650 territorii

393 1662 586 1815 Qtpuurensis
598 1665 733 1766 pantonis
749 1665 968 1766 Kowalipnsrs,
990 1665 1145 1766 Koteielee
1165 1666 1232 1768 uilla
1256 1665 1397 1732 territorii
1419 1673 1451 1734 et
1463 1667 1596 1754 regionis
1610 1667 1849 1736 Petricoviensis.
1896 1665 2021 1762 Orsoua

392 1749 430 1816 rrl
443 1769 461 1816 a
476 1757 617 1820 territorii
631 1750 800 1818 Kreloensm
814 1770 947 1836 raguenus
961 1750 1223 1838 ledrzejouensts.

1109 2031 1300 2152 ccciii.

522 2271 787 2400 limatensi
794 2330 809 2370 ,
844 2291 1001 2358 omno
1026 2269 1174 2359 1365
1193 2271 1287 2356 uie
1311 2267 1343 2354 1
1368 2269 1570 2356 mensis
1593 2271 1890 2358 damnanti.

390 2469 612 2546 Maenius
631 2471 807 2564 tpisnonns
819 2471 1093 2548 vindicationis
1107 2469 1293 2660 scfflpp)
1303 2471 1399 2548 riitm
1413 2471 1531 2542 Homo
1545 2469 1671 2548 enon
1683 2465 2017 2568 indutu'ctunincrn

1110 2591 1149 2646 un
1293 2623 1302 2641 .

493 2761 535 2850 ln
555 2763 705 2851 numine
725 2761 880 2866 domini,
909 2789 1033 2850 amen.
1075 2760 1263 2876 Quoniam
1284 2791 1331 2851 ea
1351 2792 1425 2880 qus
1444 2776 1611 2883 nguniur
1630 2763 1667 2850 in
1688 2777 1877 2880 tempure,
1908 2763 2019 2850 simul

392 2907 478 2968 oum
505 2879 668 2968 decursu
699 2880 879 2998 temporis
907 2911 931 2969 a
960 2881 1142 2968 memoria
1162 2893 1417 2986 euanescunt,
1448 2883 1581 2970 sinon
1603 2881 1737 2968 inerint
1757 2881 1943 2998 scripture
1963 2894 2021 2968 ie·

392 2997 582 3104 stimonio,
614 2998 673 3086 uel
694 2998 893 3088 aminiculo
914 2999 1062 3087 testium
1103 2999 1283 3087 memorie
1303 2997 1605 3088 commendaiaia
1627 2997 1730 3110 (siclz
1761 2997 1920 3116 proinde
1948 3010 2018 3100 est,

391 3114 494 3236 quud
516 3145 588 3205 nos
609 3115 786 3222 Mathias‚
807 3115 932 3204 diuina
954 3132 991 3204 ei
1011 3116 1222 3234 apostolice
1242 3115 1346 3205 sedis
1376 3115 1623 3234 prouidenoia
1645 3116 1808 3203 ecclesie
1827 3115 2019 3204 wladisla·
2092 3177 2096 3188 ·
2141 3221 2144 3226 Α

392 3233 530 3322 niensis
551 3235 777 3353 episeopus,
808 3234 858 3322 ad
880 3235 1140 3322 uniuersorum
1160 3235 1356 3338 noticiam,
1386 3249 1460 3324 tam
1481 3235 1719 3352 presencium
1742 3263 1854 3353 quam
1873 3227 2018 3322 lutura·

390 3381 493 3458 mm,
522 3351 703 3442 deuenire
722 3353 895 3440 volumus
916 3381 985 3469 per
1004 3365 1215 3471 presentes:
1277 3352 1380 3468 Quia
1409 3351 1645 3441 intendentes
1674 3351 1927 3440 melioracioni
1947 3350 2019 3439 bo·

390 3499 523 3556 uorum
544 3469 705 3558 ecclesie
726 3485 855 3560 nostre
877 3468 1192 3558 wladislauiensis
1211 3467 1398 3588 predicte,
1420 3469 1544 3558 villam
1565 3483 1734 3558 nostram
1752 3473 1882 3558 dictem
1898 3468 2020 3588 wlga-

389 3588 480 3674 riier
495 3586 643 3704 dictam,
652 3587 703 3675 de
712 3589 799 3706 jure
814 3588 991 3706 polonico
1009 3586 1262 3676 transtulimus
1277 3588 1403 3706 adjus
1419 3588 1686 3676 theutunicum
1703 3586 2020 3708 meydburgense,

385 3716 503 3910 ppoui
533 3705 569 3793 in
606 3720 706 3794 terra
742 3707 923 3825 culmeusi
958 3720 1121 3814 tenetur,
1167 3706 1239 3794 sub
1275 3707 1521 3796 ordinacione
1556 3719 1596 3793 ut
1624 3705 1777 3795 inlerius
1806 3716 2019 3794 annotatur.
2104 3759 2108 3774 ·

424 3823 521 3910 rimo
548 3823 731 3943 siquidem
770 3825 808 3912 in
837 3823 973 3914 eadem
1001 3823 1088 3916 villa
1118 3827 1243 3914 Cletno
1272 3825 1374 3938 (sio)
1404 3823 1539 3913 damus
1567 3824 1812 3913 sooltheciam
1852 3821 2020 3910 discreto

389 3940 471 4028 viro
492 3939 683 4030 Stanislao
701 3943 900 4061 clauigero
920 3957 1053 4032 nostro
1082 3942 1132 4030 da
1161 3950 1295 4058 Wuucz
1323 3942 1441 4051 fideli,
1471 3943 1542 4031 sibi
1571 3957 1609 4030 ei
1628 3943 1708 4030 suis
1728 3937 2020 4030 successoribus

388 4055 577 4176 legitiimis
605 4075 789 4177 perpetuo
815 4059 1102 4177 possidendam3
1133 4073 1171 4148 ei
1199 4063 1355 4149 racione
1385 4060 1553 4149 eiusdem
1574 4057 1777 4148 soolthecie
1798 4055 1900 4144 dicio
1920 4053 2019 4142 scol·
2082 4158 2087 4170 κ

389 4174 492 4266 theto
511 4188 550 4264 ei
569 4177 648 4264 suis
668 4178 831 4294 posteris
851 4177 1038 4266 donamus
1058 4191 1096 4267 et
1115 4177 1333 4266 atribuimus
1347 4209 1349 4212 ·
1364 4177 1462 4267 duos
1483 4205 1658 4278 mansos,
1689 4175 1830 4262 liberos
1854 4201 2019 4262 aceasu

390 4291 460 4386 sed
479 4323 557 4382 non
577 4319 601 4380 a
622 4291 787 4397 decima,
818 4308 1002 4412 perpetuo
1032 4293 1192 4412 pacifice
1221 4277 1489 4413 possidendos.
1547 4291 1678 4382 lnecle
1704 4321 1799 4385 uero
1828 4288 2018 4378 heredita·

390 4410 438 4501 tis
456 4425 681 4515 memoraie,
712 4411 877 4532 quinque
896 4439 1103 4536 annorum,
1126 4441 1150 4502 a
1171 4411 1261 4501 dam
1281 4411 1530 4532 presencium,
1557 4408 1780 4532 gaudebunt
1798 4405 2018 4498 omnimoda

407 4812 414 4828 ι
464 4727 531 4828 ,(1)
557 4727 606 4794 Er
620 4727 781 4881 archcppo
794 4725 1026 4828 membpanaeao
1040 4693 1179 4800 tabulaiii
1192 4727 1312 4818 capiuli
1331 4725 1601 4827 Wlsdislauionsis.
1643 4724 1798 4794 Fenicul'u
1820 4675 1922 4792 sericis
1937 4720 2017 4789 colo

388 4829 431 4880 ru
444 4811 547 4880 nndrn
561 4833 694 4899 appensa
729 4833 769 4882 uo
783 4812 879 4900 argilla
890 4833 953 4900 Jam
970 4811 1079 4881 deleta

508 4931 642 4984 romulu
1474 4929 1477 4941 '
1650 4994 1653 5002 ,
1812 4923 1848 4981 40
