4984 5930
1104 795 1179 870 ⁸—-
1232 755 1383 830 42.-

440 962 679 1066 ccuseruari,
701 959 747 1078 jn
766 974 934 1072 nostram
956 957 1112 1048 eosdem
1139 959 1387 1078 suscipientes
1408 959 1695 1078 protectionem,
1725 973 1764 1045 et
1783 956 1974 1064 nollentes
1988 959 2072 1071 (sic)

440 1079 650 1199 abaliquo
685 1078 833 1198 penitus
868 1077 1071 1197 molestarj.
1127 1077 1179 1168 Ut
1209 1091 1334 1166 autem
1373 1077 1483 1196 hujus
1516 1092 1646 1166 nostre
1681 1075 1903 1164 donacionis
1937 1079 2072 1197 gracia

440 1198 548 1286 simul
568 1213 605 1286 et
624 1197 794 1306 libertas,
818 1199 862 1316 jn
910 1211 1074 1286 osterum
1099 1213 1135 1286 et
1156 1211 1339 1316 perpetuo
1359 1175 1578 1313 pbrmanent
1590 1197 1837 1314 joconcussa,
1859 1209 2071 1313 presentem
2189 1201 2199 1226 ¹

438 1317 618 1437 paginam
655 1317 774 1434 nostrj
810 1227 922 1435 sigillj
954 1315 1152 1434 munimine
1191 1313 1346 1435 dignum
1365 1313 1555 1416 'duximus
1579 1314 1775 1404 roborare.
1825 1314 1949 1401 Huius
1979 1343 2072 1402 uero

438 1435 492 1552 rej
520 1447 636 1524 testes
664 1447 768 1522 sunt:
803 1433 1023 1522 Wolimirus
1052 1449 1183 1522 noster
1208 1433 1476 1539 cancellarius,
1503 1431 1710 1522 Mauricius
1737 1429 2071 1536 subcancellarius,

438 1551 688 1674 Bugizlauus,
718 1551 1114 1642 Suentozlauus'lilius
1133 1551 1320 1668 Vircisirp',
1351 1553 1537 1641 Cristinus
1557 1552 1871 1659 subcamerarius,
1893 1549 2073 1638 Albertus
2147 1577 2148 1581 ‘

438 1670 640 1778 subiudex,
666 1670 861 1760 lohannes
883 1672 953 1760 sub
981 1672 1151 1774 incerna,
1179 1669 1347 1759 Sbilutus
1369 1669 1597 1789 subdapiler,
1622 1669 1818 1759 Curardus
1839 1685 1876 1759 et
1895 1667 2071 1757 Michael.

440 1793 576 1880 Actum
596 1819 696 1878 anno
718 1789 871 1878 domino
893 1702 979 1904 (sicl
995 1789 1054 1877 nr
1076 1789 1160 1877 CC⁰
1181 1790 1504 1910 quinquagesimo.
1639 1795 1641 1799 ’

1187 2103 1323 2220 rut.

473 2383 548 2464 lus
572 2375 787 2482 oppleto
814 2375 1127 2484 Ructmaeclr,
1153 2393 1310 2460 amno
1335 2371 1489 2460 1250
1515 2393 1702 2459 mense
1727 2349 2037 2460 damnando.

471 2577 743 2654 cosmum
768 2579 839 2652 bu
857 2577 1017 2653 meare
1039 2582 1073 2653 ct
1095 2577 1241 2674 onena
1261 2577 1388 2652 tortu
1408 2577 1447 2651 dr
1462 2577 1534 2672 ture
1557 2594 1616 2650 ruo
1637 2575 1823 2654 iumtmeutt
1843 2577 2041 2670 pruepcrttos

600 2679 753 2756 mrum
773 2677 1047 2768 muudus,
1067 2679 1207 2772 urtone
1228 2677 1385 2774 mucuns
1405 2678 1707 2754 ttuttstartmsttm
1728 2679 1849 2752 curet
1861 2680 1912 2764 (ἰ

539 2905 635 2992 Cum
662 2905 848 2994 mencium
877 2904 1062 2992 bonarum
1097 2903 1145 2991 sit
1171 2901 1220 2990 ibi
1248 2903 1398 3022 culpam
1425 2931 1660 3023 agnoscere,
1695 2901 1757 2990 ubi
1784 2901 1895 3022 culpa
1925 2902 2071 2992 minime

437 3023 640 3142 reperitur;
680 3035 718 3109 et
746 3019 834 3111 ideo
866 3049 939 3110 nos
974 3020 1190 3108 Kazimirus
1226 3019 1287 3109 dei
1322 3023 1455 3140 gracia
1490 3020 1692 3109 Lancbicie
1727 3035 1764 3108 et
1801 3019 1959 3109 Cniauie
1993 3019 2071 3110 dux

438 3155 630 3246 canentes,
650 3171 699 3229 ne
718 3155 851 3230 nostra
872 3151 1030 3259 propter
1049 3137 1124 3226 bon
1145 3139 1385 3227 consciencia
1404 3138 1603 3246 lederetur,
1624 3155 1660 3228 et
1680 3137 1832 3228 tandem
1853 3138 1929 3227 hoc
1947 3139 2070 3259 ipsum

437 3259 548 3350 nobis
576 3275 756 3380 uergeret
780 3261 817 3348 in
837 3257 1021 3348 interitum
1049 3257 1180 3346 salotis
1210 3273 1358 3362 eterne,
1392 3256 1493 3377 quod
1516 3257 1763 3347 collacionem
1784 3287 1853 3346 seu
1873 3273 2069 3377 presente·

436 3379 585 3469 cionem
615 3379 853 3497 prepositure
888 3375 1052 3465 ecclesie
1071 3374 1410 3480 ,Wladislauiensis
1444 3407 1513 3495 per
1576 3374 1741 3465 uoddnm
1776 3377 2070 3483 instrumentum,

436 3495 556 3617 (quod
579 3496 744 3586 inbonis
764 3497 881 3614 patris
901 3497 1029 3600 nostri,
1054 3496 1115 3612 pie
1135 3494 1421 3584 recordacionis
1442 3407 1633 3614 quondam
1653 3493 1762 3583 ducis
1784 3493 1963 3602 Conradi,
1984 3520 2079 3583 cum·

436 3615 645 3733 apensione
680 3614 791 3734 sigilli
825 3611 1067 3734 Episcopalis
1097 3627 1133 3701 et
1162 3613 1280 3702 eciam
1318 3614 1465 3730 capituli
1496 3611 1846 3724 Wladislauiensis,
1881 3627 2071 3733 repertum

434 3733 553 3822 luisse
569 3730 776 3844 dicebatur)
797 3733 905 3821 nobis
920 3731 1227 3840 vendicabamus3
1249 3735 1348 3820 omni
1368 3734 1438 3850 juri
1454 3732 1672 3843 collacionis
1686 3761 1756 3821 seu
1771 3731 2070 3850 presentationis

434 3849 605 3940 eirrsdem
626 3853 883 3970 prepositure,
913 3850 1016 3970 quod
1043 3851 1178 3938 exinde
1199 3851 1308 3938 nobis
1330 3865 1546 3970 competere
1568 3849 1835 3956 credebamus,
1865 3851 1978 3968 plene
1998 3877 2070 3968 pro
2235 3915 2239 3922 -

435 3969 546 4058 nobis
567 3983 605 4058 et
624 3971 765 4059 nostris
785 3969 1087 4075 successoribus,
1107 3970 1143 4058 in
1165 3969 1336 4057 manibus
1356 3968 1582 4058 venerabilis
1599 3971 1717 4087 patris
1734 3969 1851 4058 nostri
1872 3967 2070 4057 Michaelis
2117 4015 2120 4022 ·
2273 3977 2280 3984 '

437 4085 766 4179 Wladislauiensis
787 4117 809 4175 e
837 4089 967 4208 iscopi,
989 4117 1059 4207 per
1079 4087 1267 4175 dominum
1290 4086 1509 4176 Volimirum
1530 4101 1661 4176 nostre
1680 4089 1783 4176 curie
1803 4085 2069 4197 cancellarium

435 4223 474 4299 et
492 4209 723 4327 prepositum
744 4119 907 4296 ecclesie
928 4205 1211 4316 crusuiciensiS,
1242 4217 1280 4293 et
1307 4204 1530 4294 Nicbolaum
1552 4208 1703 4296 lratrem
1724 4203 1866 4296 ordinis
1886 4205 2068 4292 minorum

435 4325 557 4416 taliter
580 4326 863 4414 renunciamus:
900 4324 1003 4446 quod
1031 4325 1080 4414 de
1106 4341 1235 4414 cetero
1262 4325 1384 4414 dictus
1413 4324 1634 4444 Episcopus
1659 4338 1697 4412 et
1722 4325 1780 4412 sui
1809 4351 2069 4430 successores,

435 4445 673 4566 prepositure
700 4443 919 4562 supradicte
957 4445 1250 4562 inperpetuum,
1280 4444 1361 4532 sine
1389 4445 1489 4532 omni
1516 4443 1789 4550 concussione,
1812 4442 1878 4560 jus
1904 4441 2071 4530 babeant

434 4559 678 4652 conterendi:
719 4561 892 4650 omnibus
931 4565 1079 4680 penitus
1119 4564 1369 4652 instrumentis
1410 4592 1528 4681 super
1561 4561 1661 4650 dicta
1694 4561 1956 4682 prepositura,
1997 4587 2069 4678 pro

537 4813 577 4900 (Ι)
604 4813 652 4881 Ex
673 4811 835 4901 archetypo
856 4813 1087 4880 membranaceo
1108 4813 1139 4878 in
1155 4811 1302 4878 mutacio
1323 4812 1443 4899 capituli
1464 4812 1708 4882 vladislnriensis
1730 4819 1895 4880 asserueto.
1931 4809 2068 4897 Sigillum

434 4920 602 4990 appensum
617 4897 751 4967 luniculo
765 4899 862 4966 serico
876 4897 984 4965 coloris
997 4897 1091 4976 mbri,
1106 4897 1225 4984 ponitus
1239 4897 1379 4964 deletum.
