<?xml version="1.0" encoding="UTF-8"?>
<!DOCTYPE html PUBLIC "-//W3C//DTD XHTML 1.0 Transitional//EN"
    "http://www.w3.org/TR/xhtml1/DTD/xhtml1-transitional.dtd">
<html xmlns="http://www.w3.org/1999/xhtml" xml:lang="en" lang="en">
 <head>
  <title>
</title>
<meta http-equiv="Content-Type" content="text/html;charset=utf-8" />
  <meta name='ocr-system' content='tesseract 3.04.00' />
  <meta name='ocr-capabilities' content='ocr_page ocr_carea ocr_par ocr_line ocrx_word'/>
</head>
<body>
  <div class='ocr_page' id='page_1' title='image "./codexdiplomatic01bartgoog_0439.png"; bbox 0 0 4926 5940; ppageno 0'>
   <div class='ocr_carea' id='block_1_1' title="bbox 1051 711 1325 842">
    <p class='ocr_par' dir='ltr' id='par_1_1' title="bbox 1051 711 1325 842">
     <span class='ocr_line' id='line_1_1' title="bbox 1051 711 1325 842; baseline 0 -49"><span class='ocrx_word' id='word_1_1' title='bbox 1051 711 1225 842; x_wconf 41' lang='lat'><strong>5393</strong></span> <span class='ocrx_word' id='word_1_2' title='bbox 1281 761 1325 774; x_wconf 91' lang='lat'><em>-</em></span> 
     </span>
    </p>
   </div>
   <div class='ocr_carea' id='block_1_2' title="bbox 542 981 1838 1376">
    <p class='ocr_par' dir='ltr' id='par_1_2' title="bbox 542 981 1838 1376">
     <span class='ocr_line' id='line_1_2' title="bbox 867 981 1330 1170; baseline -0.011 -32"><span class='ocrx_word' id='word_1_3' title='bbox 867 999 872 1007; x_wconf 81' lang='grc'><em>’</em></span> <span class='ocrx_word' id='word_1_4' title='bbox 1016 981 1032 1122; x_wconf 78' lang='lat' dir='ltr'>s</span> <span class='ocrx_word' id='word_1_5' title='bbox 1055 1019 1330 1170; x_wconf 82' lang='lat' dir='ltr'><strong>connum</strong></span> 
     </span>
     <span class='ocr_line' id='line_1_3' title="bbox 542 1205 1838 1376; baseline -0.006 -12"><span class='ocrx_word' id='word_1_6' title='bbox 542 1275 761 1364; x_wconf 74' lang='lat' dir='ltr'><strong>acerem</strong></span> <span class='ocrx_word' id='word_1_7' title='bbox 786 1205 942 1360; x_wconf 70' lang='lat' dir='ltr'><strong>anni</strong></span> <span class='ocrx_word' id='word_1_8' title='bbox 969 1229 1120 1358; x_wconf 69' lang='lat'><strong>1&#39;423</strong></span> <span class='ocrx_word' id='word_1_9' title='bbox 1147 1273 1241 1358; x_wconf 76' lang='lat' dir='ltr'><strong>cre</strong></span> <span class='ocrx_word' id='word_1_10' title='bbox 1266 1268 1345 1358; x_wconf 72' lang='lat' dir='ltr'><strong>aa</strong></span> <span class='ocrx_word' id='word_1_11' title='bbox 1369 1272 1571 1358; x_wconf 73' lang='lat' dir='ltr'><strong>memo</strong></span> <span class='ocrx_word' id='word_1_12' title='bbox 1595 1227 1838 1376; x_wconf 56' lang='lat' dir='ltr'><strong>nemun(</strong></span> 
     </span>
    </p>
   </div>
   <div class='ocr_carea' id='block_1_3' title="bbox 369 1451 2004 1782">
    <p class='ocr_par' dir='ltr' id='par_1_3' title="bbox 369 1451 2004 1782">
     <span class='ocr_line' id='line_1_4' title="bbox 372 1451 2004 1592; baseline 0.002 -22"><span class='ocrx_word' id='word_1_13' title='bbox 372 1494 451 1572; x_wconf 73' lang='lat' dir='ltr'><strong>true</strong></span> <span class='ocrx_word' id='word_1_14' title='bbox 464 1496 685 1582; x_wconf 65' lang='lat' dir='ltr'><strong>attrectamur,</strong></span> <span class='ocrx_word' id='word_1_15' title='bbox 699 1494 739 1568; x_wconf 75' lang='lat' dir='ltr'><strong>re</strong></span> <span class='ocrx_word' id='word_1_16' title='bbox 753 1474 844 1592; x_wconf 68' lang='lat' dir='ltr'><strong>enjus</strong></span> <span class='ocrx_word' id='word_1_17' title='bbox 858 1492 993 1570; x_wconf 67' lang='lat' dir='ltr'><strong>tonaio</strong></span> <span class='ocrx_word' id='word_1_18' title='bbox 1008 1493 1049 1567; x_wconf 77' lang='lat' dir='ltr'><strong>tta</strong></span> <span class='ocrx_word' id='word_1_19' title='bbox 1061 1492 1244 1568; x_wconf 69' lang='lat' dir='ltr'><strong>vertebatur</strong></span> <span class='ocrx_word' id='word_1_20' title='bbox 1258 1493 1344 1571; x_wconf 78' lang='lat' dir='ltr'><strong>inter</strong></span> <span class='ocrx_word' id='word_1_21' title='bbox 1353 1493 1526 1586; x_wconf 77' lang='lat' dir='ltr'><strong>capitutum</strong></span> <span class='ocrx_word' id='word_1_22' title='bbox 1540 1495 1694 1572; x_wconf 74' lang='lat' dir='ltr'><strong>ccclesiae</strong></span> <span class='ocrx_word' id='word_1_23' title='bbox 1709 1451 1898 1588; x_wconf 64' lang='lat' dir='ltr'><strong>rotimum</strong></span> <span class='ocrx_word' id='word_1_24' title='bbox 1909 1513 2004 1572; x_wconf 78' lang='lat' dir='ltr'><strong>aruc-</strong></span> 
     </span>
     <span class='ocr_line' id='line_1_5' title="bbox 369 1595 2003 1782; baseline 0.002 -111"><span class='ocrx_word' id='word_1_25' title='bbox 369 1601 425 1671; x_wconf 80' lang='lat' dir='ltr'><strong>tur</strong></span> <span class='ocrx_word' id='word_1_26' title='bbox 444 1599 558 1674; x_wconf 73' lang='lat' dir='ltr'><strong>terim</strong></span> <span class='ocrx_word' id='word_1_27' title='bbox 582 1597 805 1686; x_wconf 79' lang='lat' dir='ltr'><strong>umcicinris,</strong></span> <span class='ocrx_word' id='word_1_28' title='bbox 829 1602 863 1672; x_wconf 88' lang='lat' dir='ltr'><strong>ct</strong></span> <span class='ocrx_word' id='word_1_29' title='bbox 876 1597 999 1694; x_wconf 76' lang='lat' dir='ltr'><strong>Petrum</strong></span> <span class='ocrx_word' id='word_1_30' title='bbox 1013 1595 1149 1772; x_wconf 50' lang='lat' dir='ltr'><strong>”ambi</strong></span> <span class='ocrx_word' id='word_1_31' title='bbox 1149 1598 1368 1782; x_wconf 57' lang='lat' dir='ltr'><strong>ppropppsttu</strong></span> <span class='ocrx_word' id='word_1_32' title='bbox 1379 1595 1520 1692; x_wconf 80' lang='lat' dir='ltr'><strong>ejusdam</strong></span> <span class='ocrx_word' id='word_1_33' title='bbox 1533 1598 1704 1680; x_wconf 77' lang='lat' dir='ltr'><strong>oratoriae.</strong></span> <span class='ocrx_word' id='word_1_34' title='bbox 1726 1599 1866 1692; x_wconf 76' lang='lat' dir='ltr'><strong>capituto</strong></span> <span class='ocrx_word' id='word_1_35' title='bbox 1883 1599 2003 1696; x_wconf 70' lang='lat' dir='ltr'><strong>cujum·</strong></span> 
     </span>
    </p>
   </div>
   <div class='ocr_carea' id='block_1_4' title="bbox 374 1901 2006 2372">
    <p class='ocr_par' dir='ltr' id='par_1_4' title="bbox 374 1901 2006 2372">
     <span class='ocr_line' id='line_1_6' title="bbox 474 1901 2003 2028; baseline 0.004 -36"><span class='ocrx_word' id='word_1_36' title='bbox 474 1906 518 1993; x_wconf 93' lang='lat' dir='ltr'><strong>ln</strong></span> <span class='ocrx_word' id='word_1_37' title='bbox 548 1907 697 1994; x_wconf 91' lang='lat' dir='ltr'><strong>nomine</strong></span> <span class='ocrx_word' id='word_1_38' title='bbox 723 1905 882 2010; x_wconf 91' lang='lat' dir='ltr'><strong>domini,</strong></span> <span class='ocrx_word' id='word_1_39' title='bbox 913 1935 1033 1994; x_wconf 91' lang='lat' dir='ltr'><strong>amen.</strong></span> <span class='ocrx_word' id='word_1_40' title='bbox 1094 1901 1176 1994; x_wconf 90' lang='lat' dir='ltr'><strong>Nos</strong></span> <span class='ocrx_word' id='word_1_41' title='bbox 1207 1904 1406 2010; x_wconf 89' lang='lat' dir='ltr'><strong>Strzesco,</strong></span> <span class='ocrx_word' id='word_1_42' title='bbox 1428 1907 1634 1996; x_wconf 69' lang='lat' dir='ltr'><strong>canonialis</strong></span> <span class='ocrx_word' id='word_1_43' title='bbox 1654 1908 1941 2028; x_wconf 88' lang='lat' dir='ltr'><strong>poznaniensis,</strong></span> <span class='ocrx_word' id='word_1_44' title='bbox 1965 1927 2003 1998; x_wconf 89' lang='lat' dir='ltr'><strong>et</strong></span> 
     </span>
     <span class='ocr_line' id='line_1_7' title="bbox 374 2022 2003 2142; baseline 0.001 -30"><span class='ocrx_word' id='word_1_45' title='bbox 374 2035 503 2114; x_wconf 87' lang='lat' dir='ltr'><strong>rector</strong></span> <span class='ocrx_word' id='word_1_46' title='bbox 521 2022 769 2142; x_wconf 80' lang='lat' dir='ltr'><strong>parrochialis</strong></span> <span class='ocrx_word' id='word_1_47' title='bbox 799 2025 835 2112; x_wconf 91' lang='lat' dir='ltr'><strong>in</strong></span> <span class='ocrx_word' id='word_1_48' title='bbox 855 2027 1022 2130; x_wconf 77' lang='lat' dir='ltr'><strong>Lowtbz,</strong></span> <span class='ocrx_word' id='word_1_49' title='bbox 1054 2022 1317 2132; x_wconf 89' lang='lat' dir='ltr'><strong>ecclesiarum,</strong></span> <span class='ocrx_word' id='word_1_50' title='bbox 1347 2023 1507 2131; x_wconf 89' lang='lat' dir='ltr'><strong>arbiter,</strong></span> <span class='ocrx_word' id='word_1_51' title='bbox 1537 2023 1740 2113; x_wconf 74' lang='lat' dir='ltr'><strong>arbitrator</strong></span> <span class='ocrx_word' id='word_1_52' title='bbox 1767 2042 1805 2113; x_wconf 90' lang='lat' dir='ltr'><strong>et</strong></span> <span class='ocrx_word' id='word_1_53' title='bbox 1824 2027 2003 2116; x_wconf 88' lang='lat' dir='ltr'><strong>amicabi-</strong></span> 
     </span>
     <span class='ocr_line' id='line_1_8' title="bbox 375 2139 2005 2347; baseline 0.004 -120"><span class='ocrx_word' id='word_1_54' title='bbox 375 2142 420 2230; x_wconf 90' lang='lat' dir='ltr'><strong>lis</strong></span> <span class='ocrx_word' id='word_1_55' title='bbox 441 2141 688 2347; x_wconf 77' lang='lat' dir='ltr'><strong>compositor,</strong></span> <span class='ocrx_word' id='word_1_56' title='bbox 710 2171 780 2260; x_wconf 79' lang='lat' dir='ltr'><strong>per</strong></span> <span class='ocrx_word' id='word_1_57' title='bbox 799 2157 836 2230; x_wconf 92' lang='lat' dir='ltr'><strong>et</strong></span> <span class='ocrx_word' id='word_1_58' title='bbox 855 2143 951 2230; x_wconf 90' lang='lat' dir='ltr'><strong>inter</strong></span> <span class='ocrx_word' id='word_1_59' title='bbox 969 2141 1207 2234; x_wconf 88' lang='lat' dir='ltr'><strong>venerabiles</strong></span> <span class='ocrx_word' id='word_1_60' title='bbox 1228 2142 1347 2248; x_wconf 88' lang='lat' dir='ltr'><strong>viros,</strong></span> <span class='ocrx_word' id='word_1_61' title='bbox 1369 2139 1560 2230; x_wconf 91' lang='lat' dir='ltr'><strong>dominos:</strong></span> <span class='ocrx_word' id='word_1_62' title='bbox 1582 2142 1869 2264; x_wconf 83' lang='lat' dir='ltr'><strong>Sandiwogium</strong></span> <span class='ocrx_word' id='word_1_63' title='bbox 1893 2143 2005 2233; x_wconf 90' lang='lat' dir='ltr'><strong>deca-</strong></span> 
     </span>
     <span class='ocr_line' id='line_1_9' title="bbox 375 2257 2006 2372; baseline 0.002 -25"><span class='ocrx_word' id='word_1_64' title='bbox 375 2289 482 2366; x_wconf 90' lang='lat' dir='ltr'><strong>num,</strong></span> <span class='ocrx_word' id='word_1_65' title='bbox 550 2260 706 2348; x_wconf 91' lang='lat' dir='ltr'><strong>lbertum</strong></span> <span class='ocrx_word' id='word_1_66' title='bbox 727 2261 990 2368; x_wconf 84' lang='lat' dir='ltr'><strong>scolasticum,</strong></span> <span class='ocrx_word' id='word_1_67' title='bbox 1021 2259 1206 2348; x_wconf 81' lang='lat' dir='ltr'><strong>&#39;l&#39;homam</strong></span> <span class='ocrx_word' id='word_1_68' title='bbox 1227 2259 1553 2366; x_wconf 84' lang='lat' dir='ltr'><strong>archidiaconum,</strong></span> <span class='ocrx_word' id='word_1_69' title='bbox 1581 2257 1780 2349; x_wconf 80' lang='lat' dir='ltr'><strong>Nicolaum</strong></span> <span class='ocrx_word' id='word_1_70' title='bbox 1800 2275 2006 2372; x_wconf 85' lang='lat' dir='ltr'><strong>cantorem,</strong></span> 
     </span>
    </p>
   </div>
   <div class='ocr_carea' id='block_1_5' title="bbox 234 2375 2007 2493">
    <p class='ocr_par' dir='ltr' id='par_1_5' title="bbox 234 2375 2007 2493">
     <span class='ocr_line' id='line_1_10' title="bbox 234 2375 2007 2493; baseline 0.003 -31"><span class='ocrx_word' id='word_1_71' title='bbox 234 2441 237 2452; x_wconf 83' lang='lat'>.</span> <span class='ocrx_word' id='word_1_72' title='bbox 374 2376 560 2465; x_wconf 78' lang='lat' dir='ltr'><strong>iacobum</strong></span> <span class='ocrx_word' id='word_1_73' title='bbox 591 2375 878 2493; x_wconf 81' lang='lat' dir='ltr'><strong>Moraluowslry,</strong></span> <span class='ocrx_word' id='word_1_74' title='bbox 909 2378 1106 2464; x_wconf 89' lang='lat' dir='ltr'><strong>Sassinum</strong></span> <span class='ocrx_word' id='word_1_75' title='bbox 1128 2376 1176 2464; x_wconf 89' lang='lat' dir='ltr'><strong>de</strong></span> <span class='ocrx_word' id='word_1_76' title='bbox 1197 2385 1485 2481; x_wconf 80' lang='lat' dir='ltr'><strong>chrznnszna,</strong></span> <span class='ocrx_word' id='word_1_77' title='bbox 1515 2376 1763 2466; x_wconf 86' lang='lat' dir='ltr'><strong>Laurencium</strong></span> <span class='ocrx_word' id='word_1_78' title='bbox 1786 2379 1835 2466; x_wconf 89' lang='lat' dir='ltr'><strong>de</strong></span> <span class='ocrx_word' id='word_1_79' title='bbox 1860 2387 2007 2468; x_wconf 83' lang='lat' dir='ltr'><strong>Berze-</strong></span> 
     </span>
    </p>
   </div>
   <div class='ocr_carea' id='block_1_6' title="bbox 376 2492 2013 4146">
    <p class='ocr_par' dir='ltr' id='par_1_6' title="bbox 376 2492 2013 4146">
     <span class='ocr_line' id='line_1_11' title="bbox 376 2492 2008 2599; baseline 0.001 -17"><span class='ocrx_word' id='word_1_80' title='bbox 376 2501 553 2599; x_wconf 76' lang='lat' dir='ltr'><strong>wr&#39;crsleo,</strong></span> <span class='ocrx_word' id='word_1_81' title='bbox 584 2493 770 2582; x_wconf 88' lang='lat' dir='ltr'><strong>Jacobum</strong></span> <span class='ocrx_word' id='word_1_82' title='bbox 800 2493 848 2581; x_wconf 90' lang='lat' dir='ltr'><strong>de</strong></span> <span class='ocrx_word' id='word_1_83' title='bbox 877 2499 1165 2598; x_wconf 77' lang='lat' dir='ltr'><strong>Kandzerzr&#39;no,</strong></span> <span class='ocrx_word' id='word_1_84' title='bbox 1196 2492 1321 2580; x_wconf 87' lang='lat' dir='ltr'><strong>Adam</strong></span> <span class='ocrx_word' id='word_1_85' title='bbox 1351 2492 1400 2580; x_wconf 86' lang='lat' dir='ltr'><strong>de</strong></span> <span class='ocrx_word' id='word_1_86' title='bbox 1429 2501 1633 2580; x_wconf 84' lang='lat' dir='ltr'><strong>Drzewczc</strong></span> <span class='ocrx_word' id='word_1_87' title='bbox 1664 2509 1701 2581; x_wconf 89' lang='lat' dir='ltr'><strong>et</strong></span> <span class='ocrx_word' id='word_1_88' title='bbox 1725 2495 1936 2584; x_wconf 77' lang='lat' dir='ltr'><strong>iohannem</strong></span> <span class='ocrx_word' id='word_1_89' title='bbox 1959 2498 2008 2584; x_wconf 89' lang='lat' dir='ltr'><strong>de</strong></span> 
     </span>
     <span class='ocr_line' id='line_1_12' title="bbox 384 2605 2006 2730; baseline 0 -29"><span class='ocrx_word' id='word_1_90' title='bbox 384 2619 599 2720; x_wconf 71' lang='lat' dir='ltr'><strong>welanao,</strong></span> <span class='ocrx_word' id='word_1_91' title='bbox 621 2611 788 2730; x_wconf 84' lang='lat' dir='ltr'><strong>prelatos</strong></span> <span class='ocrx_word' id='word_1_92' title='bbox 810 2623 847 2698; x_wconf 89' lang='lat' dir='ltr'><strong>et</strong></span> <span class='ocrx_word' id='word_1_93' title='bbox 868 2613 1076 2700; x_wconf 89' lang='lat' dir='ltr'><strong>canonicos</strong></span> <span class='ocrx_word' id='word_1_94' title='bbox 1098 2605 1170 2724; x_wconf 77' lang='lat'><strong>(²),</strong></span> <span class='ocrx_word' id='word_1_95' title='bbox 1188 2623 1381 2730; x_wconf 90' lang='lat' dir='ltr'><strong>totumque</strong></span> <span class='ocrx_word' id='word_1_96' title='bbox 1397 2609 1595 2728; x_wconf 87' lang='lat' dir='ltr'><strong>capitulum</strong></span> <span class='ocrx_word' id='word_1_97' title='bbox 1613 2612 1840 2698; x_wconf 89' lang='lat' dir='ltr'><strong>lanciciense</strong></span> <span class='ocrx_word' id='word_1_98' title='bbox 1856 2613 1905 2699; x_wconf 89' lang='lat' dir='ltr'><strong>ab</strong></span> <span class='ocrx_word' id='word_1_99' title='bbox 1922 2643 2006 2710; x_wconf 89' lang='lat' dir='ltr'><strong>una,</strong></span> 
     </span>
     <span class='ocr_line' id='line_1_13' title="bbox 378 2725 2005 2848; baseline 0 -31"><span class='ocrx_word' id='word_1_100' title='bbox 378 2743 416 2817; x_wconf 93' lang='lat' dir='ltr'><strong>et</strong></span> <span class='ocrx_word' id='word_1_101' title='bbox 435 2729 684 2819; x_wconf 89' lang='lat' dir='ltr'><strong>reuerendum</strong></span> <span class='ocrx_word' id='word_1_102' title='bbox 707 2743 851 2846; x_wconf 91' lang='lat' dir='ltr'><strong>patrem</strong></span> <span class='ocrx_word' id='word_1_103' title='bbox 872 2727 1061 2818; x_wconf 90' lang='lat' dir='ltr'><strong>dominum</strong></span> <span class='ocrx_word' id='word_1_104' title='bbox 1075 2728 1229 2816; x_wconf 89' lang='lat' dir='ltr'><strong>Petrum</strong></span> <span class='ocrx_word' id='word_1_105' title='bbox 1247 2725 1416 2836; x_wconf 88' lang='lat' dir='ltr'><strong>Boleste,</strong></span> <span class='ocrx_word' id='word_1_106' title='bbox 1436 2757 1506 2848; x_wconf 85' lang='lat' dir='ltr'><strong>pre</strong></span> <span class='ocrx_word' id='word_1_107' title='bbox 1535 2729 1668 2816; x_wconf 92' lang='lat' dir='ltr'><strong>ositum</strong></span> <span class='ocrx_word' id='word_1_108' title='bbox 1692 2728 1859 2816; x_wconf 90' lang='lat' dir='ltr'><strong>eiusdem</strong></span> <span class='ocrx_word' id='word_1_109' title='bbox 1881 2733 2005 2819; x_wconf 91' lang='lat' dir='ltr'><strong>eccle-</strong></span> 
     </span>
     <span class='ocr_line' id='line_1_14' title="bbox 377 2759 2006 2968; baseline 0 -30"><span class='ocrx_word' id='word_1_110' title='bbox 377 2849 433 2938; x_wconf 87' lang='lat' dir='ltr'><strong>sie</strong></span> <span class='ocrx_word' id='word_1_111' title='bbox 465 2848 702 2935; x_wconf 90' lang='lat' dir='ltr'><strong>lanciciensis</strong></span> <span class='ocrx_word' id='word_1_112' title='bbox 731 2845 916 2964; x_wconf 89' lang='lat' dir='ltr'><strong>predicte,</strong></span> <span class='ocrx_word' id='word_1_113' title='bbox 956 2877 1004 2935; x_wconf 90' lang='lat' dir='ltr'><strong>ac</strong></span> <span class='ocrx_word' id='word_1_114' title='bbox 1033 2845 1147 2935; x_wconf 89' lang='lat' dir='ltr'><strong>Sedis</strong></span> <span class='ocrx_word' id='word_1_115' title='bbox 1176 2845 1386 2964; x_wconf 86' lang='lat' dir='ltr'><strong>apostolice</strong></span> <span class='ocrx_word' id='word_1_116' title='bbox 1422 2759 1756 2966; x_wconf 83' lang='lat' dir='ltr'><strong>protlionotarium,</strong></span> <span class='ocrx_word' id='word_1_117' title='bbox 1776 2849 2006 2968; x_wconf 84' lang='lat' dir='ltr'><strong>gneznensis</strong></span> 
     </span>
     <span class='ocr_line' id='line_1_15' title="bbox 377 2963 2013 3086; baseline 0 -32"><span class='ocrx_word' id='word_1_118' title='bbox 377 2965 541 3055; x_wconf 89' lang='lat' dir='ltr'><strong>diocesis</strong></span> <span class='ocrx_word' id='word_1_119' title='bbox 571 2997 618 3058; x_wconf 88' lang='lat' dir='ltr'><strong>ex</strong></span> <span class='ocrx_word' id='word_1_120' title='bbox 648 2967 767 3053; x_wconf 89' lang='lat' dir='ltr'><strong>altera</strong></span> <span class='ocrx_word' id='word_1_121' title='bbox 795 2965 979 3084; x_wconf 77' lang='lat' dir='ltr'><strong>partibuS,</strong></span> <span class='ocrx_word' id='word_1_122' title='bbox 1011 2966 1048 3052; x_wconf 93' lang='lat' dir='ltr'><strong>in</strong></span> <span class='ocrx_word' id='word_1_123' title='bbox 1076 2966 1150 3053; x_wconf 91' lang='lat' dir='ltr'><strong>vim</strong></span> <span class='ocrx_word' id='word_1_124' title='bbox 1179 2963 1441 3085; x_wconf 88' lang='lat' dir='ltr'><strong>compromissi</strong></span> <span class='ocrx_word' id='word_1_125' title='bbox 1478 2995 1549 3086; x_wconf 91' lang='lat' dir='ltr'><strong>per</strong></span> <span class='ocrx_word' id='word_1_126' title='bbox 1591 2963 1781 3086; x_wconf 90' lang='lat' dir='ltr'><strong>predictas</strong></span> <span class='ocrx_word' id='word_1_127' title='bbox 1813 2979 1941 3085; x_wconf 87' lang='lat' dir='ltr'><strong>partes</strong></span> <span class='ocrx_word' id='word_1_128' title='bbox 1971 2969 2013 3054; x_wconf 86' lang='lat' dir='ltr'><strong>in&#39;</strong></span> 
     </span>
     <span class='ocr_line' id='line_1_16' title="bbox 377 3081 2009 3206; baseline -0.001 -34"><span class='ocrx_word' id='word_1_129' title='bbox 377 3113 511 3190; x_wconf 92' lang='lat' dir='ltr'><strong>causa,</strong></span> <span class='ocrx_word' id='word_1_130' title='bbox 544 3115 618 3206; x_wconf 85' lang='lat' dir='ltr'><strong>que</strong></span> <span class='ocrx_word' id='word_1_131' title='bbox 637 3085 852 3172; x_wconf 73' lang='lat' dir='ltr'><strong>vertebatur</strong></span> <span class='ocrx_word' id='word_1_132' title='bbox 887 3099 924 3171; x_wconf 91' lang='lat' dir='ltr'><strong>et</strong></span> <span class='ocrx_word' id='word_1_133' title='bbox 952 3085 1046 3172; x_wconf 90' lang='lat' dir='ltr'><strong>verti</strong></span> <span class='ocrx_word' id='word_1_134' title='bbox 1068 3083 1292 3202; x_wconf 86' lang='lat' dir='ltr'><strong>sperabatur</strong></span> <span class='ocrx_word' id='word_1_135' title='bbox 1311 3083 1406 3171; x_wconf 91' lang='lat' dir='ltr'><strong>inter</strong></span> <span class='ocrx_word' id='word_1_136' title='bbox 1426 3081 1581 3172; x_wconf 87' lang='lat' dir='ltr'><strong>easdem</strong></span> <span class='ocrx_word' id='word_1_137' title='bbox 1603 3091 1732 3201; x_wconf 89' lang='lat' dir='ltr'><strong>partes</strong></span> <span class='ocrx_word' id='word_1_138' title='bbox 1764 3081 1813 3169; x_wconf 91' lang='lat' dir='ltr'><strong>de</strong></span> <span class='ocrx_word' id='word_1_139' title='bbox 1836 3097 1872 3172; x_wconf 92' lang='lat' dir='ltr'><strong>et</strong></span> <span class='ocrx_word' id='word_1_140' title='bbox 1892 3113 2009 3202; x_wconf 91' lang='lat' dir='ltr'><strong>super</strong></span> 
     </span>
     <span class='ocr_line' id='line_1_17' title="bbox 377 3198 2009 3318; baseline -0.001 -26"><span class='ocrx_word' id='word_1_141' title='bbox 377 3201 463 3292; x_wconf 89' lang='lat' dir='ltr'><strong>villa</strong></span> <span class='ocrx_word' id='word_1_142' title='bbox 485 3208 752 3292; x_wconf 80' lang='lat' dir='ltr'><strong>Mr&#39;roslam‘cze</strong></span> <span class='ocrx_word' id='word_1_143' title='bbox 772 3198 831 3314; x_wconf 81' lang='lat'><strong>(³)</strong></span> <span class='ocrx_word' id='word_1_144' title='bbox 852 3217 888 3291; x_wconf 89' lang='lat' dir='ltr'><strong>et</strong></span> <span class='ocrx_word' id='word_1_145' title='bbox 909 3202 988 3290; x_wconf 90' lang='lat' dir='ltr'><strong>cius</strong></span> <span class='ocrx_word' id='word_1_146' title='bbox 1035 3205 1249 3318; x_wconf 90' lang='lat' dir='ltr'><strong>roprietatc,</strong></span> <span class='ocrx_word' id='word_1_147' title='bbox 1270 3201 1306 3288; x_wconf 92' lang='lat' dir='ltr'><strong>in</strong></span> <span class='ocrx_word' id='word_1_148' title='bbox 1328 3199 1495 3290; x_wconf 88' lang='lat' dir='ltr'><strong>districtu</strong></span> <span class='ocrx_word' id='word_1_149' title='bbox 1516 3215 1553 3288; x_wconf 91' lang='lat' dir='ltr'><strong>et</strong></span> <span class='ocrx_word' id='word_1_150' title='bbox 1572 3215 1671 3290; x_wconf 89' lang='lat' dir='ltr'><strong>terra</strong></span> <span class='ocrx_word' id='word_1_151' title='bbox 1692 3200 1906 3288; x_wconf 87' lang='lat' dir='ltr'><strong>lanciciensi</strong></span> <span class='ocrx_word' id='word_1_152' title='bbox 1927 3204 2009 3308; x_wconf 90' lang='lat' dir='ltr'><strong>sita,</strong></span> 
     </span>
     <span class='ocr_line' id='line_1_18' title="bbox 376 3231 2008 3438; baseline 0 -32"><span class='ocrx_word' id='word_1_153' title='bbox 376 3321 481 3425; x_wconf 87' lang='lat' dir='ltr'><strong>lacti,</strong></span> <span class='ocrx_word' id='word_1_154' title='bbox 498 3319 610 3409; x_wconf 91' lang='lat' dir='ltr'><strong>babiti</strong></span> <span class='ocrx_word' id='word_1_155' title='bbox 632 3335 669 3408; x_wconf 91' lang='lat' dir='ltr'><strong>et</strong></span> <span class='ocrx_word' id='word_1_156' title='bbox 689 3321 854 3438; x_wconf 86' lang='lat' dir='ltr'><strong>inscripti</strong></span> <span class='ocrx_word' id='word_1_157' title='bbox 875 3231 1085 3437; x_wconf 83' lang='lat' dir='ltr'><strong>specialiter</strong></span> <span class='ocrx_word' id='word_1_158' title='bbox 1105 3319 1156 3407; x_wconf 93' lang='lat' dir='ltr'><strong>ad</strong></span> <span class='ocrx_word' id='word_1_159' title='bbox 1177 3319 1252 3408; x_wconf 91' lang='lat' dir='ltr'><strong>boc</strong></span> <span class='ocrx_word' id='word_1_160' title='bbox 1273 3317 1428 3412; x_wconf 91' lang='lat' dir='ltr'><strong>ellectus</strong></span> <span class='ocrx_word' id='word_1_161' title='bbox 1449 3319 1543 3432; x_wconf 85' lang='lat' dir='ltr'><strong>(sic),</strong></span> <span class='ocrx_word' id='word_1_162' title='bbox 1565 3320 1775 3408; x_wconf 90' lang='lat' dir='ltr'><strong>nominatus</strong></span> <span class='ocrx_word' id='word_1_163' title='bbox 1797 3333 1835 3405; x_wconf 90' lang='lat' dir='ltr'><strong>et</strong></span> <span class='ocrx_word' id='word_1_164' title='bbox 1849 3317 2008 3438; x_wconf 89' lang='lat' dir='ltr'><strong>deputa-</strong></span> 
     </span>
     <span class='ocr_line' id='line_1_19' title="bbox 377 3435 2009 3556; baseline -0.001 -31"><span class='ocrx_word' id='word_1_165' title='bbox 377 3453 449 3528; x_wconf 90' lang='lat' dir='ltr'><strong>tus.</strong></span> <span class='ocrx_word' id='word_1_166' title='bbox 510 3435 650 3528; x_wconf 89' lang='lat' dir='ltr'><strong>Notum</strong></span> <span class='ocrx_word' id='word_1_167' title='bbox 679 3440 837 3526; x_wconf 83' lang='lat' dir='ltr'><strong>iacimus</strong></span> <span class='ocrx_word' id='word_1_168' title='bbox 868 3440 1054 3527; x_wconf 88' lang='lat' dir='ltr'><strong>uniuersis</strong></span> <span class='ocrx_word' id='word_1_169' title='bbox 1084 3451 1158 3526; x_wconf 87' lang='lat' dir='ltr'><strong>tom</strong></span> <span class='ocrx_word' id='word_1_170' title='bbox 1187 3436 1426 3556; x_wconf 91' lang='lat' dir='ltr'><strong>presentibus</strong></span> <span class='ocrx_word' id='word_1_171' title='bbox 1457 3465 1568 3555; x_wconf 90' lang='lat' dir='ltr'><strong>quam</strong></span> <span class='ocrx_word' id='word_1_172' title='bbox 1589 3437 1740 3542; x_wconf 88' lang='lat' dir='ltr'><strong>luturis,</strong></span> <span class='ocrx_word' id='word_1_173' title='bbox 1772 3437 2009 3554; x_wconf 88' lang='lat' dir='ltr'><strong>presencium</strong></span> 
     </span>
     <span class='ocr_line' id='line_1_20' title="bbox 378 3553 2008 3672; baseline 0 -30"><span class='ocrx_word' id='word_1_174' title='bbox 378 3556 553 3646; x_wconf 87' lang='lat' dir='ltr'><strong>noticiam</strong></span> <span class='ocrx_word' id='word_1_175' title='bbox 580 3557 787 3644; x_wconf 85' lang='lat' dir='ltr'><strong>habituris:</strong></span> <span class='ocrx_word' id='word_1_176' title='bbox 833 3553 1042 3670; x_wconf 85' lang='lat' dir='ltr'><strong>Quomodo</strong></span> <span class='ocrx_word' id='word_1_177' title='bbox 1072 3585 1202 3644; x_wconf 87' lang='lat' dir='ltr'><strong>coram</strong></span> <span class='ocrx_word' id='word_1_178' title='bbox 1230 3556 1339 3644; x_wconf 91' lang='lat' dir='ltr'><strong>nobis</strong></span> <span class='ocrx_word' id='word_1_179' title='bbox 1360 3583 1587 3672; x_wconf 88' lang='lat' dir='ltr'><strong>comparens</strong></span> <span class='ocrx_word' id='word_1_180' title='bbox 1608 3553 1836 3644; x_wconf 87' lang='lat' dir='ltr'><strong>honorabilis</strong></span> <span class='ocrx_word' id='word_1_181' title='bbox 1860 3554 1917 3643; x_wconf 87' lang='lat' dir='ltr'><strong>vir</strong></span> <span class='ocrx_word' id='word_1_182' title='bbox 1938 3553 2008 3642; x_wconf 90' lang='lat' dir='ltr'><strong>do·</strong></span> 
     </span>
     <span class='ocr_line' id='line_1_21' title="bbox 379 3673 2008 3792; baseline 0.001 -32"><span class='ocrx_word' id='word_1_183' title='bbox 379 3673 500 3790; x_wconf 88' lang='lat' dir='ltr'><strong>minus</strong></span> <span class='ocrx_word' id='word_1_184' title='bbox 519 3673 691 3762; x_wconf 84' lang='lat' dir='ltr'><strong>lacobus</strong></span> <span class='ocrx_word' id='word_1_185' title='bbox 711 3673 998 3792; x_wconf 79' lang='lat' dir='ltr'><strong>Moralmwslry,</strong></span> <span class='ocrx_word' id='word_1_186' title='bbox 1020 3675 1226 3762; x_wconf 91' lang='lat' dir='ltr'><strong>canonicus</strong></span> <span class='ocrx_word' id='word_1_187' title='bbox 1248 3689 1285 3762; x_wconf 92' lang='lat' dir='ltr'><strong>et</strong></span> <span class='ocrx_word' id='word_1_188' title='bbox 1299 3688 1535 3792; x_wconf 87' lang='lat' dir='ltr'><strong>procurator,</strong></span> <span class='ocrx_word' id='word_1_189' title='bbox 1557 3687 1595 3760; x_wconf 92' lang='lat' dir='ltr'><strong>et</strong></span> <span class='ocrx_word' id='word_1_190' title='bbox 1614 3674 1764 3762; x_wconf 89' lang='lat' dir='ltr'><strong>nomina</strong></span> <span class='ocrx_word' id='word_1_191' title='bbox 1784 3687 2008 3789; x_wconf 89' lang='lat' dir='ltr'><strong>procurato·</strong></span> 
     </span>
     <span class='ocr_line' id='line_1_22' title="bbox 377 3788 2010 3914; baseline -0.002 -36"><span class='ocrx_word' id='word_1_192' title='bbox 377 3791 435 3878; x_wconf 91' lang='lat' dir='ltr'><strong>rio</strong></span> <span class='ocrx_word' id='word_1_193' title='bbox 463 3792 728 3880; x_wconf 90' lang='lat' dir='ltr'><strong>venerabilium</strong></span> <span class='ocrx_word' id='word_1_194' title='bbox 757 3793 922 3879; x_wconf 89' lang='lat' dir='ltr'><strong>virorum</strong></span> <span class='ocrx_word' id='word_1_195' title='bbox 952 3791 1102 3914; x_wconf 88' lang='lat' dir='ltr'><strong>capituli</strong></span> <span class='ocrx_word' id='word_1_196' title='bbox 1136 3790 1236 3878; x_wconf 88' lang='lat' dir='ltr'><strong>dicte</strong></span> <span class='ocrx_word' id='word_1_197' title='bbox 1265 3788 1427 3878; x_wconf 87' lang='lat' dir='ltr'><strong>ecclesie</strong></span> <span class='ocrx_word' id='word_1_198' title='bbox 1452 3789 1707 3898; x_wconf 83' lang='lat' dir='ltr'><strong>lanciciensis‚</strong></span> <span class='ocrx_word' id='word_1_199' title='bbox 1739 3805 1850 3908; x_wconf 92' lang='lat' dir='ltr'><strong>prout</strong></span> <span class='ocrx_word' id='word_1_200' title='bbox 1870 3789 1918 3880; x_wconf 90' lang='lat' dir='ltr'><strong>de</strong></span> <span class='ocrx_word' id='word_1_201' title='bbox 1939 3817 2010 3878; x_wconf 89' lang='lat' dir='ltr'><strong>sue</strong></span> 
     </span>
     <span class='ocr_line' id='line_1_23' title="bbox 377 3905 2009 4030; baseline -0.002 -35"><span class='ocrx_word' id='word_1_202' title='bbox 377 3909 651 4026; x_wconf 90' lang='lat' dir='ltr'><strong>procurationis</strong></span> <span class='ocrx_word' id='word_1_203' title='bbox 677 3909 875 4016; x_wconf 84' lang='lat' dir='ltr'><strong>mandato,</strong></span> <span class='ocrx_word' id='word_1_204' title='bbox 905 3939 1017 3998; x_wconf 89' lang='lat' dir='ltr'><strong>manu</strong></span> <span class='ocrx_word' id='word_1_205' title='bbox 1038 3907 1192 3998; x_wconf 88' lang='lat' dir='ltr'><strong>discreti</strong></span> <span class='ocrx_word' id='word_1_206' title='bbox 1213 3905 1523 4030; x_wconf 79' lang='lat' dir='ltr'><strong>GregoriJ&#39;Pauli</strong></span> <span class='ocrx_word' id='word_1_207' title='bbox 1545 3909 1593 3994; x_wconf 90' lang='lat' dir='ltr'><strong>de</strong></span> <span class='ocrx_word' id='word_1_208' title='bbox 1612 3913 1761 3998; x_wconf 73' lang='lat' dir='ltr'><strong>litteow</strong></span> <span class='ocrx_word' id='word_1_209' title='bbox 1783 3905 1854 4019; x_wconf 81' lang='lat'><strong>(⁴),</strong></span> <span class='ocrx_word' id='word_1_210' title='bbox 1874 3906 2009 3995; x_wconf 87' lang='lat' dir='ltr'><strong>notarii</strong></span> 
     </span>
     <span class='ocr_line' id='line_1_24' title="bbox 377 4023 2008 4146; baseline -0.002 -34"><span class='ocrx_word' id='word_1_211' title='bbox 377 4025 514 4144; x_wconf 92' lang='lat' dir='ltr'><strong>publici</strong></span> <span class='ocrx_word' id='word_1_212' title='bbox 543 4028 743 4118; x_wconf 88' lang='lat' dir='ltr'><strong>constabat</strong></span> <span class='ocrx_word' id='word_1_213' title='bbox 776 4027 1005 4122; x_wconf 84' lang='lat' dir='ltr'><strong>sufficienter</strong></span> <span class='ocrx_word' id='word_1_214' title='bbox 1033 4057 1104 4146; x_wconf 91' lang='lat' dir='ltr'><strong>per</strong></span> <span class='ocrx_word' id='word_1_215' title='bbox 1130 4027 1311 4145; x_wconf 82' lang='lat' dir='ltr'><strong>legittima</strong></span> <span class='ocrx_word' id='word_1_216' title='bbox 1346 4025 1590 4130; x_wconf 88' lang='lat' dir='ltr'><strong>documenta,</strong></span> <span class='ocrx_word' id='word_1_217' title='bbox 1620 4025 1748 4112; x_wconf 89' lang='lat' dir='ltr'><strong>literas</strong></span> <span class='ocrx_word' id='word_1_218' title='bbox 1772 4023 2008 4114; x_wconf 86' lang='lat' dir='ltr'><strong>comissionis</strong></span> 
     </span>
    </p>
   </div>
   <div class='ocr_carea' id='block_1_7' title="bbox 380 4337 2014 5020">
    <p class='ocr_par' dir='ltr' id='par_1_7' title="bbox 381 4337 2009 4608">
     <span class='ocr_line' id='line_1_25' title="bbox 381 4337 2006 4495; baseline 0.002 -89"><span class='ocrx_word' id='word_1_219' title='bbox 381 4425 400 4492; x_wconf 68' lang='lat' dir='ltr'>d</span> <span class='ocrx_word' id='word_1_220' title='bbox 469 4337 772 4495; x_wconf 48' lang='grc' dir='ltr'><strong>(Ηωσὶῗιοιςρεέ</strong></span> <span class='ocrx_word' id='word_1_221' title='bbox 781 4341 1013 4492; x_wconf 58' lang='grc' dir='ltr'><strong>ωοειὴηηιοω</strong></span> <span class='ocrx_word' id='word_1_222' title='bbox 1037 4339 1245 4410; x_wconf 66' lang='lat' dir='ltr'><strong>tunnensis</strong></span> <span class='ocrx_word' id='word_1_223' title='bbox 1268 4339 1407 4410; x_wconf 74' lang='lat' dir='ltr'><strong>tabularii</strong></span> <span class='ocrx_word' id='word_1_224' title='bbox 1424 4337 1543 4426; x_wconf 82' lang='lat' dir='ltr'><strong>publici</strong></span> <span class='ocrx_word' id='word_1_225' title='bbox 1568 4339 1669 4424; x_wconf 58' lang='lat' dir='ltr'><strong>tamt</strong></span> <span class='ocrx_word' id='word_1_226' title='bbox 1688 4337 1897 4412; x_wconf 62' lang='lat' dir='ltr'><strong>Polouiucli&#39;t</strong></span> <span class='ocrx_word' id='word_1_227' title='bbox 1922 4339 2006 4410; x_wconf 81' lang='lat' dir='ltr'><strong>root</strong></span> 
     </span>
     <span class='ocr_line' id='line_1_26' title="bbox 687 4446 825 4494; baseline 0.022 -3"><span class='ocrx_word' id='word_1_228' title='bbox 687 4446 738 4491; x_wconf 91' lang='lat' dir='ltr'><strong>um</strong></span> <span class='ocrx_word' id='word_1_229' title='bbox 774 4447 825 4494; x_wconf 86' lang='lat' dir='ltr'><strong>ecs</strong></span> 
     </span>
     <span class='ocr_line' id='line_1_27' title="bbox 509 4423 2009 4608; baseline -0.001 -32"><span class='ocrx_word' id='word_1_230' title='bbox 509 4509 519 4595; x_wconf 76' lang='lat' dir='ltr'><strong>l</strong></span> <span class='ocrx_word' id='word_1_231' title='bbox 546 4423 742 4591; x_wconf 62' lang='lat' dir='ltr'><strong>Daiscigznann</strong></span> <span class='ocrx_word' id='word_1_232' title='bbox 766 4510 833 4576; x_wconf 81' lang='lat' dir='ltr'><strong>uilla</strong></span> <span class='ocrx_word' id='word_1_233' title='bbox 846 4509 989 4576; x_wconf 86' lang='lat' dir='ltr'><strong>territorii</strong></span> <span class='ocrx_word' id='word_1_234' title='bbox 1013 4505 1230 4586; x_wconf 81' lang='lat' dir='ltr'><strong>Loucicionuis.</strong></span> <span class='ocrx_word' id='word_1_235' title='bbox 1254 4507 1386 4594; x_wconf 75' lang='lat' dir='ltr'><strong>regionis</strong></span> <span class='ocrx_word' id='word_1_236' title='bbox 1410 4507 1629 4608; x_wconf 64' lang='lat' dir='ltr'><strong>Zgiersoonsiu</strong></span> <span class='ocrx_word' id='word_1_237' title='bbox 1649 4507 1846 4575; x_wconf 76' lang='lat' dir='ltr'><strong>Borzncielro</strong></span> <span class='ocrx_word' id='word_1_238' title='bbox 1865 4507 2009 4574; x_wconf 85' lang='lat' dir='ltr'><strong>territorii</strong></span> 
     </span>
    </p>

    <p class='ocr_par' dir='ltr' id='par_1_8' title="bbox 380 4589 2014 4761">
     <span class='ocr_line' id='line_1_28' title="bbox 380 4589 2014 4680; baseline -0.003 -17"><span class='ocrx_word' id='word_1_239' title='bbox 380 4592 607 4676; x_wconf 62' lang='lat' dir='ltr'><strong>&amp;Ecdeme</strong></span> <span class='ocrx_word' id='word_1_240' title='bbox 648 4593 724 4662; x_wconf 84' lang='lat' dir='ltr'><strong>&#39;onir</strong></span> <span class='ocrx_word' id='word_1_241' title='bbox 740 4595 925 4670; x_wconf 74' lang='lat' dir='ltr'><strong>wastensis:</strong></span> <span class='ocrx_word' id='word_1_242' title='bbox 951 4593 1110 4680; x_wconf 63' lang='lat' dir='ltr'><strong>erragm</strong></span> <span class='ocrx_word' id='word_1_243' title='bbox 1131 4593 1275 4660; x_wconf 75' lang='lat' dir='ltr'><strong>territorii</strong></span> <span class='ocrx_word' id='word_1_244' title='bbox 1289 4601 1322 4659; x_wconf 81' lang='lat' dir='ltr'><strong>ot</strong></span> <span class='ocrx_word' id='word_1_245' title='bbox 1333 4593 1468 4678; x_wconf 63' lang='grc' dir='ltr'>ηςίοηιι</span> <span class='ocrx_word' id='word_1_246' title='bbox 1481 4592 1700 4676; x_wconf 67' lang='grc' dir='ltr'><strong>ιιιιοίοἰοωίες</strong></span> <span class='ocrx_word' id='word_1_247' title='bbox 1721 4592 1868 4661; x_wconf 64' lang='lat' dir='ltr'><strong>Drance</strong></span> <span class='ocrx_word' id='word_1_248' title='bbox 1882 4589 2014 4659; x_wconf 77' lang='lat' dir='ltr'><strong>ibidem</strong></span> 
     </span>
     <span class='ocr_line' id='line_1_29' title="bbox 380 4676 1212 4761; baseline -0.002 -15"><span class='ocrx_word' id='word_1_249' title='bbox 380 4676 465 4761; x_wconf 83' lang='lat' dir='ltr'><strong>Quid</strong></span> <span class='ocrx_word' id='word_1_250' title='bbox 475 4679 533 4748; x_wconf 77' lang='lat' dir='ltr'><strong>sibi</strong></span> <span class='ocrx_word' id='word_1_251' title='bbox 546 4680 618 4748; x_wconf 83' lang='lat' dir='ltr'><strong>uelit</strong></span> <span class='ocrx_word' id='word_1_252' title='bbox 671 4679 804 4758; x_wconf 77' lang='lat' dir='ltr'><strong>elotmuo,</strong></span> <span class='ocrx_word' id='word_1_253' title='bbox 826 4699 888 4748; x_wconf 87' lang='lat' dir='ltr'><strong>uon</strong></span> <span class='ocrx_word' id='word_1_254' title='bbox 901 4679 972 4748; x_wconf 79' lang='lat' dir='ltr'><strong>ratis</strong></span> <span class='ocrx_word' id='word_1_255' title='bbox 986 4677 1072 4746; x_wconf 83' lang='lat' dir='ltr'><strong>nobie</strong></span> <span class='ocrx_word' id='word_1_256' title='bbox 1086 4684 1212 4748; x_wconf 77' lang='lat' dir='ltr'><strong>constet</strong></span> 
     </span>
    </p>

    <p class='ocr_par' dir='ltr' id='par_1_9' title="bbox 495 4761 1589 4862">
     <span class='ocr_line' id='line_1_30' title="bbox 495 4761 1589 4862; baseline -0.003 -33"><span class='ocrx_word' id='word_1_257' title='bbox 495 4767 508 4808; x_wconf 79' lang='lat'>³</span> <span class='ocrx_word' id='word_1_258' title='bbox 551 4761 757 4832; x_wconf 73' lang='lat' dir='ltr'><strong>Mirorlorcioa</strong></span> <span class='ocrx_word' id='word_1_259' title='bbox 770 4763 838 4832; x_wconf 83' lang='lat' dir='ltr'><strong>villo</strong></span> <span class='ocrx_word' id='word_1_260' title='bbox 852 4763 993 4830; x_wconf 86' lang='lat' dir='ltr'><strong>territorii</strong></span> <span class='ocrx_word' id='word_1_261' title='bbox 1006 4761 1218 4839; x_wconf 69' lang='lat' dir='ltr'><strong>nanciacum,</strong></span> <span class='ocrx_word' id='word_1_262' title='bbox 1232 4761 1364 4862; x_wconf 70' lang='lat' dir='ltr'><strong>regionis</strong></span> <span class='ocrx_word' id='word_1_263' title='bbox 1379 4761 1589 4850; x_wconf 80' lang='lat' dir='ltr'><strong>Zgierscousis.</strong></span> 
     </span>
    </p>

    <p class='ocr_par' dir='ltr' id='par_1_10' title="bbox 493 4843 1696 4936">
     <span class='ocr_line' id='line_1_31' title="bbox 493 4843 1696 4936; baseline -0.002 -20"><span class='ocrx_word' id='word_1_264' title='bbox 493 4849 507 4890; x_wconf 82' lang='lat'><strong>⁴</strong></span> <span class='ocrx_word' id='word_1_265' title='bbox 549 4846 1370 4936; x_wconf 74' lang='lat' dir='ltr'><strong>Mitajowmlaterritoriietregionisl’otrioonensis.</strong></span> <span class='ocrx_word' id='word_1_266' title='bbox 1687 4843 1696 4858; x_wconf 91' lang='grc'><em>“</em></span> 
     </span>
    </p>

    <p class='ocr_par' dir='ltr' id='par_1_11' title="bbox 499 4959 1842 5020">
     <span class='ocr_line' id='line_1_32' title="bbox 499 4959 1842 5020; baseline -0.001 -2"><span class='ocrx_word' id='word_1_267' title='bbox 499 4965 635 5020; x_wconf 74' lang='lat' dir='ltr'><strong>uenum</strong></span> <span class='ocrx_word' id='word_1_268' title='bbox 1806 4959 1842 5017; x_wconf 81' lang='grc'><strong>50</strong></span> 
     </span>
    </p>
   </div>
   <div class='ocr_carea' id='block_1_8' title="bbox 0 0 2473 5940">
    <p class='ocr_par' dir='ltr' id='par_1_12' title="bbox 0 0 2473 5940">
     <span class='ocr_line' id='line_1_33' title="bbox 0 0 2473 5940; baseline 0 0"><span class='ocrx_word' id='word_1_269' title='bbox 0 0 2473 5940; x_wconf 95' lang='lat' dir='ltr'><strong> </strong></span> 
     </span>
    </p>
   </div>
  </div>
 </body>
</html>
