4926 5940
1135 686 1498 760 -398-·

462 899 573 996 michi
592 896 752 988 Notario
771 923 885 982 manu
905 889 1147 1010 solempniter
1167 886 1358 1005 stipulanti
1378 884 1503 972 omnia
1524 895 1606 971 rata
1628 898 1666 972 et
1684 900 1797 1005 grata
1814 900 1944 974 tenere
1963 903 2003 976 at
2022 889 2090 976 ba·

462 1023 574 1124 bere,
605 1043 753 1134 queque
783 1043 852 1131 per
878 1010 1016 1099 dictum
1043 1006 1232 1096 dominum
1263 1003 1533 1092 Strzeslronem
1552 1003 1688 1094 luerint
1715 1005 1966 1114 sentenciata‘,
1995 1008 2092 1094 orbi·

347 1189 352 1200 ·
464 1153 576 1240 trata,
607 1133 760 1220 laudata
790 1146 827 1220 et
856 1128 1144 1248 prouoncciato,
1174 1123 1245 1211 sub
1274 1151 1372 1238 pena
1399 1133 1437 1209 et
1465 1121 1573 1240 penis
1601 1121 1639 1208 in
1668 1122 1784 1239 priori
1814 1127 2091 1242 compromisso

463 1267 640 1346 contentu
669 1265 708 1338 et
736 1250 933 1339 contentis.
984 1241 1272 1364 Superquibus
1302 1239 1475 1328 omnibus
1504 1255 1542 1326 et
1570 1239 1729 1360 singulis
1758 1238 1931 1359 predicte
1962 1256 2091 1360 parles

463 1403 580 1479 ame,
598 1369 757 1460 Notario
778 1367 940 1487 publico,
961 1365 1157 1484 pecierunt
1180 1358 1250 1448 sibi
1278 1357 1414 1446 confici
1434 1387 1545 1444 unurn
1568 1357 1629 1444 uel
1658 1359 1784 1477 plura,
1814 1359 2001 1476 publicum
2022 1391 2091 1474 seu

464 1491 633 1612 publica,
669 1490 954 1576 instrumentum
989 1512 1069 1576 seu,
1086 1481 1342 1570 instrumenta.
1393 1476 1491 1564 Acta
1520 1489 1608 1564 'sunt
1641 1474 1714 1564 beo
1741 1506 1864 1584 anuo,
1896 1478 2090 1592 indicione,
2234 1519 2239 1536 ·

428 1655 436 1666 ·
463 1608 702 1729 pontilicatu,
734 1604 815 1709 die,
845 1633 996 1709 mense,
1027 1601 1122 1688 hora
1142 1611 1179 1686 et
1199 1596 1305 1700 loco,
1326 1595 1462 1711 quibos
1482 1623 1609 1711 supra.
1651 1593 1897 1684 Presentibus
1919 1596 2092 1684 discretis

465 1730 570 1833 vnis,
591 1725 771 1814 dominis:
791 1721 1003 1812 Helmanno
1020 1717 1179 1806 Notario
1200 1711 1361 1830 publico,
1382 1730 1418 1800 rt
1431 1713 1572 1800 Mathia
1588 1711 1920 1830 Rzepisszewslry,
1940 1715 2091 1830 vicarijs

464 1846 634 1964 predicte
654 1841 818 1932 ecclesie
846 1837 1100 1942 lanciciensis,
1131 1831 1289 1921 testibus
1309 1831 1359 1917 ad
1381 1833 1564 1948 premissa
1586 1833 1734 1922 vocatis
1755 1845 1792 1918 et
1807 1834 1968 1952 rogatis

567 1962 620 2050 Et
638 1991 715 2082 ogo
737 1959 948 2078 Gregorius
968 1954 1078 2043 Pauli
1098 1951 1147 2040 de
1167 1957 1331 2056 Meleon,
1363 1949 1521 2038 clericus
1548 1952 1777 2068 gneznensis
1807 1950 1992 2057 diocesis,
2024 1979 2093 2068 pu·

466 2083 600 2180 blious
620 2079 799 2196 imperiali
818 2076 1050 2176 auctoritate,
1072 2069 1255 2158 notarius:
1278 2067 1381 2180 Quia
1402 2067 1510 2154 dictis
1526 2069 1787 2184 compromissi
1803 2072 1841 2154 et
1859 2067 1962 2156 laudi
1983 2067 2094 2156 rotili-

468 2197 613 2286 caoioni
633 2213 671 2283 et
690 2193 977 2312 approbacioni,
1009 2187 1257 2296 omnibusque
1278 2185 1361 2300 alijs
1382 2200 1419 2271 et
1439 2185 1596 2304 singulis
1618 2187 1828 2301 premissis,
1856 2185 1945 2272 dum
1966 2188 2035 2294 sio,
2057 2203 2097 2274 ut

405 2363 414 2378 ·
468 2315 704 2435 premittitur,
733 2311 869 2400 tierent
897 2325 935 2398 et
960 2318 1183 2428 agerentur,
1224 2331 1298 2389 una
1328 2332 1416 2388 curn
1448 2303 1714 2421 prenominatis
1744 2302 1903 2390 testibus
1932 2333 2095 2422 presens

468 2432 633 2538 interlui,
666 2460 786 2547 eaque
807 2429 932 2516 omnia
945 2441 989 2514 et
1009 2424 1157 2543 singula
1179 2421 1236 2507 sic
1255 2420 1336 2508 fieri
1358 2419 1432 2508 vidi
1454 2435 1489 2508 et
1510 2419 1652 2523 audiui,
1673 2434 1711 2507 et
1729 2421 1812 2537 ipsa
1831 2423 2093 2510 omnia-manu

469 2541 621 2671 propria
652 2547 900 2636 conscribens
942 2547 978 2632 in
1008 2545 1106 2630 banc
1134 2537 1319 2658 publicam
1357 2539 1518 2626 formum
1553 2537 1705 2658 redegi,
1737 2539 1850 2674 signo
1866 2553 1918 2627 ct
1943 2541 2092 2628 nomine

469 2672 563 2758 meis
584 2667 702 2756 solitis
732 2679 769 2752 et
789 2664 983 2753 consuetis
1014 2658 1254 2780 consignaui‚
1285 2671 1447 2776 rogatus
1477 2673 1515 2745 et
1533 2658 1734 2770 requisitus
1752 2755 1755 2760 ,
1774 2688 1810 2743 m
1846 2656 1956 2744 fidem
1978 2672 2015 2744 ct
2034 2671 2091 2749 te·

470 2787 681 2878 stimonium
703 2784 865 2873 omnium
886 2797 924 2869 et
943 2778 1176 2900 singulorum
1197 2777 1476 2892 premissorum.
1952 2807 1965 2827 ··
2049 2815 2051 2820 ·

548 3003 552 3012 Ι
573 2903 724 3018 Quibus
746 2901 894 3021 quidem
917 2899 1161 3000 comissione,
1192 2894 1309 2982 litoris
1329 2911 1366 2982 ot
1385 2896 1634 2984 instrumentis
1651 2897 1913 3011 compromissi
1923 2894 2093 3014 produc·

470 3025 518 3114 tis
538 3037 576 3111 et
594 3022 705 3110 nobis
725 3018 965 3138 presentatis,
996 3047 1043 3104 ac
1072 3045 1141 3136 per
1161 3040 1233 3100 nos
1252 3016 1426 3130 receptis,
1447 3013 1546 3101 dicte
1568 3026 1696 3134 partes
1716 3013 1911 3102 hincinde
1931 3015 2095 3130 posicio-

471 3172 542 3260 pes
563 3155 601 3228 et
620 3137 800 3228 articulos
820 3135 1096 3256 produxerunt,
1129 3143 1167 3218 et
1186 3130 1349 3245 quelibet
1369 3161 1460 3251 pars
1481 3162 1552 3250 pro
1574 3162 1644 3220 suo
1690 3147 1772 3220 arte
1792 3131 1978 3250 produxit
2004 3132 2097 3220 Pet·

470 3274 593 3348 tcntes
614 3257 698 3371 (sic)
718 3289 779 3362 se,
808 3270 846 3343 et
865 3253 1028 3374 quelibet
1046 3280 1137 3370 pars
1158 3251 1287 3368 petiuit
1307 3279 1399 3339 suos
1419 3251 1602 3338 articulos'
1627 3161 1935 3366 adprobandum
1957 3250 2098 3338 admitti

474 3393 512 3465 et
530 3377 659 3464 literas
679 3374 918 3463 cittacionum
948 3373 1031 3484 (sic)
1051 3371 1292 3460 necessarias
1321 3385 1453 3458 contra
1481 3384 1607 3458 certas
1628 3397 1813 3488 personas
1835 3385 1872 3457 et
1891 3383 2010 3458 testes
2031 3368 2098 3456 de·

474 3495 587 3582 cerni.
628 3493 779 3608 Quibus
799 3521 869 3611 per
889 3495 961 3579 nos
982 3489 1160 3578 admissis
1180 3503 1218 3577 et
1236 3487 1353 3576 literis
1374 3489 1612 3576 cittaoionum
1631 3485 1794 3576 decretis
1815 3500 1948 3574 contra
1970 3501 2099 3592 testes,

476 3627 619 3698 certum
640 3612 833 3698 terminum
862 3609 1005 3698 eisdem
1034 3606 1202 3726 partibus
1222 3605 1272 3694 ad
1294 3605 1545 3694 inducendum
1570 3605 1693 3696 dictos
1716 3620 1849 3710 testes,
1879 3605 1989 3693 etad
2010 3633 2100 3724 pro·

453 3727 640 3842 ‚bandum
662 3757 792 3816 eorum
812 3727 1010 3831 articulos,
1040 3754 1113 3813 neo
1132 3755 1209 3812 non
1228 3723 1278 3811 ad
1300 3723 1465 3813 dandum
1490 3739 1527 3812 et
1547 3721 1829 3841 producendum
1844 3723 1952 3840 jura,
1984 3723 2099 3841 priui-
2146 3785 2149 3792 ·

475 3847 576 3966 legia
597 3843 728 3934 etalio
748 3845 990 3950 munimenta,
1021 3844 1053 3930 si
1075 3871 1149 3960 quo
1169 3841 1381 3960 producere
1411 3841 1548 3930 vellent
1576 3871 1730 3930 causam
1753 3857 1791 3929 et
1809 3843 2006 3960 negocium
2026 3839 2097 3925 ltu·

473 3963 635 4058 iusmodi
656 3962 950 4070 concernencia,
981 3961 1261 4080 assignabimus
1283 3971 1568 4076 competentem.
1620 3958 1710 4074 Quo
1733 3961 1888 4048 termino
1913 3957 2098 4061 ueniente,

476 4083 645 4202 predicte
665 4097 805 4201 partes,
826 4096 864 4170 et
883 4079 1045 4200 quelibet
1059 4106 1199 4189 aarum,
1220 4108 1290 4197 pro
1310 4094 1380 4166 suo'
1401 4078 1585 4166 interesse
1600 4092 1728 4184 testes,
1748 4077 1885 4184 literas,
1907 4075 2100 4196 priuilegio

343 4269 349 4283 ,
477 4217 516 4290 et
534 4202 607 4289 alia
621 4203 710 4319 juro
730 4230 778 4288 ac
798 4201 1042 4302 munimenta,
1064 4197 1198 4316 quibus
1220 4199 1256 4284 in
1276 4195 1488 4284 huiusmodi
1509 4225 1627 4286 eausa
1648 4197 1699 4283 uti
1718 4195 1914 4298 volebant,
1944 4192 2099 4281 induxe-

477 4333 562 4408 runt
582 4334 617 4407 et
637 4317 907 4437 produxerunt.
960 4316 1109 4431 Quibus
1130 4316 1306 4422 testibus,
1333 4330 1489 4520 recepto
1517 4315 1567 4403 ab
1595 4315 1650 4401 eis
1670 4315 1839 4431 primitus
1870 4312 1919 4399 de
1939 4307 2100 4400 dicenda

479 4438 634 4526 veritate
654 4438 692 4526 in
711 4435 883 4524 manibus
903 4435 1042 4526 nostris
1071 4435 1227 4552 prestito
1257 4460 1419 4552 corpora
1435 4433 1444 4517 i
1459 4434 1689 4550 juramento,
1722 4463 1792 4550 per
1811 4459 1883 4518 nos
1903 4429 2102 4550 diligenter

424 4578 434 4663 χ
479 4554 718 4668 examinatis,
749 4555 991 4673 ipsorumque
1011 4551 1120 4640 dictis
1140 4551 1354 4670 publicatis,
1375 4580 1423 4638 ac
1443 4578 1572 4640 eorum
1594 4547 1917 4668 deposiciooibus,
1937 4575 2101 4636 necnon

431 4733 438 4766 ι
483 4670 656 4761 omnibus
685 4687 723 4759 et
751 4672 910 4792 singulis
936 4671 1051 4779 actis,
1075 4669 1242 4789 juribus,
1273 4668 1502 4790 priuilegijs,
1531 4668 1750 4786 scripturis,
1778 4665 2033 4780 munimentis,
2066 4665 2101 4752 iu

481 4786 695 4881 huiusmodi
716 4819 834 4881 causa
853 4819 922 4910 per
942 4788 1064 4880 dictas
1085 4803 1214 4909 partes
1233 4787 1454 4908 productis,
1467 4787 1558 4879 visis
1588 4800 1625 4875 et
1644 4787 1800 4895 reuisis,
1826 4815 1875 4875 ao
1904 4783 2104 4905 diligenter
