4878 5942
1138 707 1412 786 -ddd-

463 911 816 1022 snoo,tenebnntur.
835 911 897 1000 lle
910 909 1063 1030 jndioijs
1083 937 1176 1004 tero
1196 911 1356 1030 magnis,
1377 925 1434 1000 ter
1447 912 1485 1002 in
1500 923 1601 1004 anno
1616 910 1867 1020 celebrandis,
1887 915 1971 1034 ipse
1989 917 2088 1008 scul-

463 1049 562 1129 tetns
582 1045 619 1120 et
639 1030 764 1124 villani
783 1029 998 1121 familiarem
1019 1029 1107 1120 dicti
1127 1028 1267 1122 domini
1289 1027 1489 1136 Custode,
1515 1031 1579 1142 qui
1598 1060 1668 1148 per
1688 1061 1772 1122 eum
1793 1034 2007 1150 specialiter
2025 1035 2088 1124 vel

461 1150 692 1360 ppneraliter
711 1147 820 1240 luerit
838 1147 1046 1238 destinatus
1066 1147 1118 1236 ad
1136 1146 1403 1265 presidendnnr
1434 1147 1556 1238 eidem
1569 1149 1713 1290 judicio
1727 1151 1876 1258 maiori,
1904 1181 2087 1270 procura·

516 1281 565 1356 nt
600 1267 763 1386 Insuper
782 1266 933 1380 quilibet
952 1265 1158 1358 incolarum
1180 1267 1278 1359 dioto
1298 1265 1384 1358 ville
1403 1271 1648 1373 wandali,
1669 1269 1851 1381 quociens
1871 1270 2096 1410 mandatum·

289 1499 292 1509 Ι
464 1387 637 1479 babuerit
657 1415 682 1473 e
702 1387 893 1474 domino..
916 1385 1000 1498 (sio)
1023 1383 1204 1492 Custode,
1215 1383 1328 1474 debet
1346 1385 1530 1476 lrumenta
1551 1383 1720 1476 dedicta
1741 1386 1827 1478 villa
1845 1392 2087 1493 Summotis}

462 1504 485 1592 li
517 1535 566 1594 na
586 1503 769 1593 deborra
789 1502 1103 1609 wladisluuiensi,
1134 1532 1183 1595 no
1202 1502 1276 1592 elie
1296 1504 1515 1594 necessaris
1536 1502 1585 1592 ud
1607 1502 1759 1592 domum
1781 1506 1861 1596 eius
1882 1507 1919 1594 in
1943 1505 2087 1598 Wladi·

465 1535 623 1713 slsuiom
643 1621 856 1727 adducere,
888 1621 959 1711 sub
979 1622 1142 1740 proprijs
1168 1619 1378 1739 sumptibus
1398 1636 1436 1710 et
1456 1622 1645 1738 expensis.
1694 1621 1887 1714 Scultetus
1906 1655 1999 1718 vero
2019 1625 2087 1718 de·

463 1743 526 1830 bet
545 1741 773 1860 peticiones,
804 1740 966 1858 seruicia
986 1753 1025 1828 et
1044 1739 1212 1830 bonores
1241 1742 1342 1830 iuxta
1361 1740 1519 1832 lonmam
1541 1753 1579 1830 et
1598 1739 1904 1834 consuetudinem
1924 1742 2085 1836 oliorum

382 1929 387 1946 .
465 1861 708 1948 scultetornm
744 1859 906 1946 enclesis
931 1856 1248 1948 wladisleuieosis
1274 1858 1312 1946 in
1334 1858 1414 1946 ‘ure
1433 1855 1646 1948 huiusmodi
1675 1856 1973 1980 Maydbu'rgensi
1992 1862 2087 1950 resi-

463 1976 656 2084 denoiom,
687 1976 838 2066 domino
860 1975 1019 2067 Custodi
1038 1977 1166 2064 leoere
1186 1991 1225 2064 et
1244 1887 1439 2082 exbilrere3
1469 2005 1542 2064 neo
1561 1975 1743 2068 scultetus
1763 1977 1877 2085 alios,
1919 2003 2032 2089 qnam
2051 1978 2090 2072 in

463 2095 662 2201 sculteoie,
693 2097 855 2183 rusticus
875 2097 912 2182 io
932 2123 1077 2202 manso,
1098 2092 1532 2184 residebuotesoultotus
1552 2092 1658 2186 aliter
1676 2096 1819 2186 laciens
1839 2097 2033 2204 sculteoia,
2053 2109 2091 2189 et

465 2215 629 2302 rustinus
650 2242 796 2320 manso,
810 2215 898 2330 jore
919 2211 1220 2331 buinspriuilegij
1242 2211 1316 2302 sint
1331 2211 1475 2328 priuati.
1507 2211 1697 2302 Scultetus
1718 2241 1810 2302 vero
1827 2211 2021 2328 predictus
2040 2213 2090 2303 de

464 2361 510 2420 se
537 2330 817 2445 querulantibns
846 2332 975 2420 coram
1006 2329 1160 2418 domino
1192 2329 1362 2419 Custode
1385 2330 1473 2446 jure
1501 2330 1796 2450 mapdburpensi
1830 2331 2089 2448 respondebit

351 2491 356 2500 ·
464 2447 595 2538 Eoiam
618 2448 800 2536 scultetus
820 2479 896 2536 non
918 2449 1054 2566 poterit
1073 2447 1211 2536 dictans
1232 2478 1339 2538 suam
1361 2448 1576 2536 sculteciam
1606 2447 1718 2538 alicui
1737 2449 1883 2540 donare
1902 2449 1964 2537 vel
1986 2479 2090 2540 oom-

463 2583 627 2674 mutars,
658 2567 729 2654 nisi
749 2567 867 2682 ipsius
889 2566 1268 2656 Custodis'voluntas
1287 2565 1338 2656 ad
1358 2564 1435 2658 boo
1454 2567 1664 2656 accesserit
1684 2581 1721 2656 et
1740 2595 1964 2660 consensus.
1998 2567 2086 2680 Qua

463 2687 589 2776 omnis
609 2700 646 2773 et
665 2685 817 2803 singula
836 2686 1042 2803 premisse,
1073 2713 1143 2802 per
1162 2685 1344 2800 prelatum
1379 2683 1639 2780 honorabilem
1659 2687 1812 2774 fratrem
1833 2699 1998 2778 nostmm
2018 2683 2087 2778 Ni·

463 2805 612 2892 colanm
633 2801 851 2910 Custodem,
871 2801 1043 2892 ordinate
1063 2818 1100 2891 et
1119 2801 1323 2921 disposita,
1355 2817 1569 2892 nostrorum
1585 2803 1738 2894 fratrum
1760 2801 1918 2922 Capituli
1938 2801 2089 2900 Wladi·

465 2921 664 3012 sleuioosis
693 2921 904 3009 accedente
931 2949 1123 3014 consensu
1152 2919 1399 3026 admittimus,
1437 2919 1713 3028 ratbidcnmns,
1742 2922 1972 3038 aprobumns
1991 2919 2089 3034 (sio),

377 3081 379 3088 ¹
464 3055 503 3128 et
521 3037 758 3156 presentibus
779 3038 1058 3128 confirmamus.
1108 3037 1153 3156 ln
1173 3064 1330 3152 quorum
1359 3038 1521 3128 omnium
1543 3053 1580 3126 et
1600 3039 1833 3160 singulorum
1854 3038 2089 3134 euidanuiam

465 3173 502 3247 et
523 3157 787 3266 testimonium,
818 3171 987 3246 nostrum
1016 3185 1064 3244 co
1090 3158 1209 3245 nostri
1235 3154 1394 3274 predicti
1414 3154 1744 3250 Wladislauiensie
1775 3157 1935 3281 Capituli
1958 3156 2090 3281 sigilla

463 3276 701 3392 presentibus
730 3288 816 3363 sunt
845 3301 1027 3394 appense.
1076 3273 1214 3362 Actum
1235 3289 1273 3362 et
1293 3274 1421 3364 datum
1453 3279 1705 3376 ll'lodr'slouie,
1739 3275 1810 3366 sub
1830 3305 1932 3370 anno
1952 3273 2090 3370 donni

463 3393 661 3482 millesimo
682 3391 1054 3513 quadringentesimo
1075 3407 1227 3506 quarto,
1258 3394 1295 3480 in
1315 3393 1481 3482 crastino
1501 3392 1632 3482 Sancti
1652 3392 1786 3484 Vitalis
1806 3392 1988 3510 Martyris
2008 3393 2091 3513 glo·

464 3511 567 3601 rioci.
617 3510 866 3599 Preseotibus
894 3511 1029 3600 ibidem
1050 3511 1342 3600 uenerabilibus
1368 3510 1481 3612 uiris,
1510 3509 1688 3601 dominis:
1719 3510 1882 3602 Nicolao
1911 3512 2087 3605 Pollatini

466 3627 550 3738 (sio)
570 3627 746 3732 Danaae,
778 3628 895 3718 Petro
916 3628 1218 3735 Archidieoono,
1238 3627 1401 3716 Nicolao
1421 3626 1602 3733 Ollioieli,
1631 3629 1809 3721 dobenne
1828 3629 1878 3721 de
1897 3636 2089 3732 Nemesos,

464 3743 1031 3851 SwentboslnoBantlroowslri,
1052 3747 1250 3836 Dobesleo
1270 3747 1320 3834 de
1343 3741 1635 3860 Caessretno(³)‚
1656 3745 1799 3836 lllatbia
1819 3747 2086 3858 Grabcowski,

464 3863 642 3955 dobaon'e
678 3861 874 3970 Cozelslri,
913 3861 1075 3952 Nicolao
1104 3863 1361 3964 welenone,
1407 3865 1598 3984 Magistro
1634 3864 1821 3956 Vilbelmo
1849 3881 1888 3956 et
1914 3865 2089 3954 debeone

466 3981 620 4087 Croslni,
640 3981 795 4102 prelatis
815 3997 853 4073 et
873 3982 1066 4072 canonicis
1086 3981 1247 4073 ecclesie
1266 3981 1599 4089 wladislsuieosis,
1620 3997 1708 4074 tunc
1727 3981 1778 4076 ed
1798 3983 1996 4103 capitulum
2017 4011 2087 4103 ge·

465 4100 595 4191 nerale
616 4099 878 4221 congregatis.

466 4333 787 4504 simistztlogpspstesz
802 4333 868 4402 villu
882 4329 1024 4405 temitdni
1039 4291 1234 4474 Celissiensis
1246 4337 1379 4424 nogiomo
1390 4335 1577 4420 Wartomisr
1596 4334 1743 4414 &meane
1756 4335 1824 4409 vila
1839 4335 1985 4412 territorii
1998 4343 2031 4407 et
2043 4353 2091 4407 re
