4984 5930
492 809 560 878 Nro

454 915 585 994 XCIX.

413 1043 544 1219 alic.

498 1337 553 1407 cr.

488 1551 559 1662 on

477 1847 571 1916 cm.

456 2100 474 2135 '
488 2099 578 2171 01v.

464 2269 481 2303 '
495 2267 567 2339 CV.

1179 739 1228 793 vu

704 814 802 883 Anno
1949 833 2008 896 ¹²¹⁸·

704 921 795 990 ¹2⁷³
836 917 1207 1072 18218118
1221 920 1389 1072 rur
1402 918 1836 1072 turture
1853 917 1930 1070 11
1971 1009 2013 1074 a

658 1145 663 1156 .
701 1091 793 1158 1273.
834 1089 942 1158 Lesco
957 1091 1036 1156 Dux
1051 1087 1207 1176 Syradiaa
1220 1090 1345 1156 civitati
1360 1090 1532 1168 Wolborz,
1555 1091 1692 1156 cavillis
1707 1089 1927 1176 adjacentibus

840 1161 1034 1249 Zarnowieo,
1049 1175 1165 1260 Psary,
1180 1174 1343 1261 Mlynary,
1358 1174 1528 1242 Knanocin
1542 1179 1576 1242 et
1592 1173 1762 1255 Swiatniki
1777 1172 1928 1241 omnimo·

841 1260 900 1326 das
915 1259 1081 1328 libertates
1095 1259 1233 1342 largitur
1254 1303 1929 1328 .......................
1971 1261 2013 1328 86

703 1344 797 1416 1273.
840 1343 1029 1410 Wolimirus
1043 1343 1228 1431 Episcopus
1244 1343 1524 1412 Wladislaviensis
1539 1347 1688 1421 testatur,
1704 1343 1860 1430 quosdam
1874 1343 1928 1422 ho·

841 1428 943 1496 minos
964 1429 1162 1516 ascriptitios
1176 1427 1271 1496 villae
1286 1426 1399 1496 Gacov
1419 1429 1461 1494 ab
1474 1429 1622 1496 omnibus
1644 1427 1855 1496 solutionibus
1870 1427 1928 1494 im·

707 1597 796 1666 ι...
837 1535 1929 1664 1121311661...........;........6·.1...·.·..;
1971 1513 2013 1582 ⁸⁶

840 1684 983 1750 tonicum
997 1686 1092 1767 atque
1117 1679 1352 1766 Euphrosinarn
1367 1679 1494 1748 Dircam
1507 1679 1752 1749 Lancicisnsom
1773 1681 1814 1748 de
1826 1679 1931 1750 bomi-

842 1767 935 1834 cidiis
950 1771 1053 1834 ortam
1068 1765 1207 1852 sopitam
1222 1788 1294 1832 esse
1317 1809 1928 1830 .....................
1971 1765 2012 1832 87

703 1851 794 1918 1274.
837 1851 945 1920 Lesco
965 1851 1045 1918 Dux
1059 1849 1215 1936 Syradiae
1230 1853 1405 1916 attestatur
1419 1850 1563 1916 homines
1579 1849 1679 1918 clavis
1692 1849 1929 1916 Wolboriensis

804 1937 809 1948 '
839 1937 873 2004 in
886 1936 1105 2086 plestaurandis
1118 1935 1270 2024 pontibus
1282 1935 1424 2002 civitatis
1436 1933 1592 2020 Syradiae
1606 1957 1734 2022 opernm
1746 1957 1837 2001 suam
1847 1955 1929 2000 com·
1971 2018 2013 2086 89

840 2045 894 2088 mo
916 2045 990 2088 asse
1005 2065 1928 2087 ...............................

699 2105 793 2172 1276.
837 2104 1035 2174 wladislaus
1050 2103 1203 2172 Lootious
1214 2104 1294 2170 Dux
1304 2103 1477 2172 Lanciciae
1491 2109 1526 2172 61
1537 2099 1691 2191 Gujaviae
1705 2103 1812 2172 villam
1821 2099 1931 2172 Soko-

838 2190 922 2258 lowo
935 2190 1069 2258 Nicolao
1083 2189 1210 2256 cuidam
1224 2189 1321 2256 nobili
1335 2189 1444 2271 yendit
1465 2233 1929 2254 ................
1972 2185 2014 2253 90

703 2275 794 2342 1276.
836 2275 992 2342 Albertus
1008 2275 1193 2362 Episcopus
1218 2271 1423 2358 Cujaviensis
1439 2270 1560 2340 Comiti
1584 2271 1707 2340 Simoni
1723 2270 1849 2339 Gallico
1862 2269 1929 2338 Pa-

838 2359 939 2428 latino
962 2359 1237 2435 wratislaviensi,
1266 2364 1301 2426 et
1323 2359 1459 2426 Alberto
1486 2359 1526 2426 ds
1549 2357 1686 2426 Stuolna
1718 2381 1829 2426 omnes
1853 2377 1928 2424 suas

881 2445 1058 2512 suessiones
1073 2445 1107 2510 in
1121 2447 1208 2512 tom
1223 2440 1389 2510 Culmensi
1404 2445 1484 2510 sitas
1498 2444 1621 2511 Vendit
1621 2487 1929 2511 ...........
1972 2441 2015 2507 90

557 2571 563 2586 ·
701 2526 793 2594 1276.
868 2551 943 2594 esco
957 2529 1035 2594 Dux
1052 2527 1206 2613 Syradiae
1222 2551 1354 2614 poenam
1370 2528 1466 2615 vulgo
1488 2529 1630 2596 Trescne
1644 2528 1762 2594 dictam
1783 2525 1817 2591 in
1832 2525 1930 2613 privi-

839 2611 925 2696 legio
940 2613 1073 2678 Martini
1096 2617 1130 2678 et
1144 2611 1282 2678 Willrini
1303 2613 1511 2680 scultetorum
1534 2613 1754 2680 Wartensiom
1769 2631 1937 2680 666611611-

712 2743 719 2754 .
842 2700 908 2762 tem
930 2695 1045 2762 abolet
1068 2739 1928 2763 .............................
1972 2695 2011 2760 91

562 2821 569 2840 .
703 2779 793 2844 1277.
836 2779 977 2846 Alberus
1003 2778 1186 2880 Episcopus
1210 2779 1490 2846 Wladisluviensis
1514 2778 1704 2864 quibusdam
1725 2777 1928 2844 Hinaonibus

837 2865 1053 2931 molendinum
1067 2887 1101 2930 in
1115 2862 1191 2928 villa
1205 2861 1317 2928 Lansk
1330 2863 1438 2930 donat
1461 2907 1929 2928 ................
1972 2861 2013 2928 92

555 2901 576 3010 Ι.
699 2949 792 3014 1277.
835 2947 1029 3020 Mestwinus
1044 2947 1122 3014 Dux
1134 2945 1341 3014 Pomeraniaa
1356 2951 1484 3014 centum
1499 2947 1798 3048 duodesexaginta
1811 2945 1928 3012 marcis

837 3035 879 3100 ab
894 3033 1015 3101 Albero
1035 3031 1157 3120 Episoo
1224 3030 1378 3117 (lajariae
1397 3035 1510 3100 mutuo
1531 3038 1690 3119 acceptis,
1716 3031 1821 3098 eidem
1834 3029 1927 3100 villas

838 3117 1039 3188 Sorobotouo
1054 3123 1088 3184 et
1103 3115 1166 3184 Sec
1187 3121 1283 3184 otono
1298 3117 1420 3184 confert
1434 3161 1928 3182 .................
1971 3116 2013 3184 93

551 3248 557 3266 .
702 3205 791 3270 1277.
834 3202 1029 3270 Mestwinns
1040 3201 1119 3268 Dux
1130 3201 1339 3270 Pomeraniae
1350 3201 1463 3288 privile
1488 3201 1658 3302 iaapatre
1674 3199 1741 3267 Swi
1796 3199 1928 3286 pelcons

837 3287 920 3354 villis
950 3285 1186 3374 Episcoporum
1217 3285 1372 3352 Cu'aviae
1396 3291 1430 3354 et
1482 3307 1660 3354 omcmnrao
1674 3286 1707 3352 in
1724 3284 1928 3352 castellatura

838 3369 1229 3445 Gadansnsi.1²ucensiet
1270 3370 1554 3437 ovo-Warlubansi
1567 3369 1929 3436 sitisdatasconfirmat
1971 3367 2014 3434 94

701 3458 793 3524 1278.
835 3455 1005 3524 Premislai
1016 3455 1120 3524 Ducis
1132 3455 1266 3538 Majoris
1278 3455 1430 3522 Poloniae
1445 3455 1605 3522 6611166116
1619 3460 1654 3524 61
1664 3455 1829 3520 arbitrium
1844 3454 1930 3521 inter

835 3541 951 3608 fratres
967 3539 1147 3608 Lurconem
1162 3540 1317 3624 Syrndiae
1332 3545 1366 3606 et
1380 3539 1590 3608 Ziemovitnm
1607 3535 1760 3624 Oujaviae
1774 3538 1895 3606 Duces.
1919 3585 1928 3607 .
1970 3535 2012 3601 96

701 3626 792 3695 1279.
836 3623 976 3692 Alberus
991 3624 1174 3712 Episcopus
1192 3623 1394 3709 Cujaviensis
1416 3626 1617 3693 concordiam
1645 3625 1927 3712 interprnedeces·

837 3731 941 3776 sorem
964 3733 1056 3778 suum
1079 3709 1270 3776 Michae'lem
1290 3708 1490 3797 Episcopum
1512 3707 1736 3793 Oujaviensem
1758 3713 1792 3775 et
1813 3730 1927 3775 coeno·

839 3793 927 3862 bium
944 3792 1097 3862 Olivense
1107 3796 1318 3862 constitutam
1333 3799 1432 3860 ratam
1447 3817 1518 3861 esse
1527 3793 1624 3878 jubet
1644 3837 1927 3858 ..........
1970 3789 2012 3854 96

680 3925 685 3940 ,
702 3879 792 3946 1279.
835 3877 978 3948 Joannes
993 3878 1108 3946 Abbcs
1122 3879 1307 3948 monasterii
1332 3875 1595 3946 Cisteroiensium
1618 3876 1781 3947 Olivensis
1796 3877 1928 3964 pollice·

837 3968 891 4032 tur
917 3988 952 4034 se
967 3988 1025 4053 pro
1050 3965 1183 4032 decimis
1209 3988 1249 4032 ex
1263 3963 1347 4030 villis
1372 3963 1557 4032 monasterii
1582 3965 1685 4030 eidem
1700 3962 1796 4050 pendi
1813 3960 1926 4036 solitis,
1970 4041 1990 4106 9

702 4133 794 4202 66.
862 4049 1681 4233 ”tttt‘ptttttttttttffimrr
1696 4089 1927 4200 6866...
1992 4043 2012 4108 ⁶

837 4217 998 4286 leudinum
1013 4219 1046 4284 in
1061 4220 1135 4286 vrlla
1150 4217 1229 4284 Orle
1245 4220 1352 4290 donat
1375 4259 1928 4281 ...................
1970 4210 2012 4277 98

564 4349 572 4366 .
703 4301 795 4370 1280.
839 4301 1008 4401 Pbilippus
1019 4302 1191 4368 Firmanus
1203 4303 1387 4388 Episcopus
1403 4298 1570 4386 privilegia
1583 4297 1736 4364 ecelesiae
1752 4295 1927 4364 Wlodisla·

839 4407 943 4451 mensi
957 4407 1040 4450 auno
1057 4388 1140 4452 1273
1155 4390 1188 4450 et
1206 4387 1286 4450 1277
1302 4406 1457 4450 concessa
1470 4389 1540 4448 rata
1555 4405 1627 4448 esse
1636 4382 1732 4467 jubet
1737 4427 1926 4446 .......
1970 4379 2011 4445 99

571 4519 579 4538 .
700 4471 793 4540 1281.
836 4468 1001 4570 Episcopo
1025 4465 1210 4553 Cujaviensi
1232 4469 1466 4544 intercedente,
1482 4467 1667 4534 coenobium
1684 4463 1838 4534 Olirense
1854 4487 1926 4532 cum

840 4555 994 4622 coenobio
1010 4551 1270 4622 Succoviensi'de
1285 4553 1381 4620 cartis
1396 4553 1647 4622 haereditatibus
1662 4553 1867 4639 paciscuntur
1888 4598 1896 4613 .
1919 4598 1926 4614 .
1950 4547 2009 4614 101

700 4642 791 4712 1281.
833 4639 1028 4708 Mestwinus
1056 4638 1135 4706 Dux
1158 4638 1367 4706 Pomeraniae
1393 4639 1592 4706 concordiam
1621 4639 1705 4706 inter
1725 4635 1926 4724 Episcopum

836 4720 1061 4808 Cujaviensem
1084 4729 1118 4791 et
1132 4725 1318 4792 coenobium
1332 4721 1484 4790 Olivense
1506 4723 1714 4789 constitutam
1735 4725 1839 4788 ratam
1854 4741 1927 4786 esso

830 4808 926 4896 jubet
938 4852 1621 4879 ........................
1632 4842 1638 4850 ·
1644 4849 1926 4876 ..........
1949 4800 2008 4868 101
