<?xml version="1.0" encoding="UTF-8"?>
<!DOCTYPE html PUBLIC "-//W3C//DTD XHTML 1.0 Transitional//EN"
    "http://www.w3.org/TR/xhtml1/DTD/xhtml1-transitional.dtd">
<html xmlns="http://www.w3.org/1999/xhtml" xml:lang="en" lang="en">
 <head>
  <title>
</title>
<meta http-equiv="Content-Type" content="text/html;charset=utf-8" />
  <meta name='ocr-system' content='tesseract 3.04.00' />
  <meta name='ocr-capabilities' content='ocr_page ocr_carea ocr_par ocr_line ocrx_word'/>
</head>
<body>
  <div class='ocr_page' id='page_1' title='image "./codexdiplomatic01bartgoog_0438.png"; bbox 0 0 4922 5936; ppageno 0'>
   <div class='ocr_carea' id='block_1_1' title="bbox 1139 721 1412 794">
    <p class='ocr_par' dir='ltr' id='par_1_1' title="bbox 860 719 1412 834">
     <span class='ocr_line' id='line_1_1' title="bbox 1139 721 1412 794; baseline -0.005 -0.516"><span class='ocrx_word' id='word_1_1' title='bbox 1139 721 1412 794; x_wconf 44' lang='lat' dir='ltr'>*one-</span> 
     </span>
    </p>
   </div>
   <div class='ocr_carea' id='block_1_2' title="bbox 401 921 2093 2583">
    <p class='ocr_par' dir='ltr' id='par_1_2' title="bbox 460 921 2093 1515">
     <span class='ocr_line' id='line_1_2' title="bbox 460 921 2089 1040; baseline -0.004 -20"><span class='ocrx_word' id='word_1_2' title='bbox 460 934 622 1033; x_wconf 85' lang='lat' dir='ltr'>baueuz,</span> <span class='ocrx_word' id='word_1_3' title='bbox 638 924 952 1013; x_wconf 85' lang='lat' dir='ltr'>Subcumerurius</span> <span class='ocrx_word' id='word_1_4' title='bbox 969 923 1254 1024; x_wconf 72' lang='lat' dir='ltr'>cracoviensis,</span> <span class='ocrx_word' id='word_1_5' title='bbox 1276 923 1473 1011; x_wconf 86' lang='lat' dir='ltr'>lohannes</span> <span class='ocrx_word' id='word_1_6' title='bbox 1488 921 1537 1011; x_wconf 87' lang='lat' dir='ltr'>de</span> <span class='ocrx_word' id='word_1_7' title='bbox 1550 929 1737 1038; x_wconf 78' lang='lat' dir='ltr'>Nempesz,</span> <span class='ocrx_word' id='word_1_8' title='bbox 1755 924 1973 1040; x_wconf 76' lang='lat' dir='ltr'>prepositus</span> <span class='ocrx_word' id='word_1_9' title='bbox 1995 925 2089 1013; x_wconf 87' lang='lat' dir='ltr'>Cru-</span> 
     </span>
     <span class='ocr_line' id='line_1_3' title="bbox 462 1040 2090 1160; baseline -0.001 -25"><span class='ocrx_word' id='word_1_10' title='bbox 462 1045 725 1148; x_wconf 77' lang='lat' dir='ltr'>scbvicionsiS,</span> <span class='ocrx_word' id='word_1_11' title='bbox 744 1041 947 1131; x_wconf 81' lang='lat' dir='ltr'><strong>Florianus</strong></span> <span class='ocrx_word' id='word_1_12' title='bbox 970 1041 1209 1130; x_wconf 85' lang='lat' dir='ltr'>Castellanus</span> <span class='ocrx_word' id='word_1_13' title='bbox 1223 1040 1485 1158; x_wconf 33' lang='lat' dir='ltr'>,Vislioiensis</span> <span class='ocrx_word' id='word_1_14' title='bbox 1505 1040 1629 1129; x_wconf 82' lang='lat' dir='ltr'>Bloch</span> <span class='ocrx_word' id='word_1_15' title='bbox 1650 1041 1808 1160; x_wconf 90' lang='lat' dir='ltr'>dapiller</span> <span class='ocrx_word' id='word_1_16' title='bbox 1828 1043 2090 1150; x_wconf 87' lang='lat' dir='ltr'>Dobrinensis,</span> 
     </span>
     <span class='ocr_line' id='line_1_4' title="bbox 462 1159 2093 1279; baseline 0.003 -27"><span class='ocrx_word' id='word_1_17' title='bbox 462 1165 511 1252; x_wconf 93' lang='lat' dir='ltr'>de</span> <span class='ocrx_word' id='word_1_18' title='bbox 540 1191 641 1251; x_wconf 87' lang='lat' dir='ltr'>anno</span> <span class='ocrx_word' id='word_1_19' title='bbox 678 1161 817 1250; x_wconf 87' lang='lat' dir='ltr'>domiui</span> <span class='ocrx_word' id='word_1_20' title='bbox 853 1161 1047 1249; x_wconf 86' lang='lat' dir='ltr'>millesimo</span> <span class='ocrx_word' id='word_1_21' title='bbox 1084 1159 1456 1279; x_wconf 78' lang='lat' dir='ltr'>quadringentesimo</span> <span class='ocrx_word' id='word_1_22' title='bbox 1493 1159 1691 1264; x_wconf 84' lang='lat' dir='ltr'>vicesimo,</span> <span class='ocrx_word' id='word_1_23' title='bbox 1722 1163 1813 1248; x_wconf 89' lang='lat' dir='ltr'>leria</span> <span class='ocrx_word' id='word_1_24' title='bbox 1851 1177 1961 1250; x_wconf 86' lang='lat' dir='ltr'>sexta</span> <span class='ocrx_word' id='word_1_25' title='bbox 1997 1164 2093 1257; x_wconf 77' lang='lat' dir='ltr'>intur</span> 
     </span>
     <span class='ocr_line' id='line_1_5' title="bbox 462 1275 2091 1398; baseline -0.001 -28"><span class='ocrx_word' id='word_1_26' title='bbox 462 1298 620 1370; x_wconf 87' lang='lat' dir='ltr'>octavas</span> <span class='ocrx_word' id='word_1_27' title='bbox 638 1281 724 1370; x_wconf 86' lang='lat' dir='ltr'>festi</span> <span class='ocrx_word' id='word_1_28' title='bbox 744 1278 1038 1383; x_wconf 87' lang='lat' dir='ltr'>Pentlrecostes‚</span> <span class='ocrx_word' id='word_1_29' title='bbox 1052 1278 1196 1395; x_wconf 86' lang='lat' dir='ltr'>judicio</span> <span class='ocrx_word' id='word_1_30' title='bbox 1216 1277 1358 1398; x_wconf 73' lang='lat' dir='ltr'>Regali</span> <span class='ocrx_word' id='word_1_31' title='bbox 1374 1281 1410 1365; x_wconf 92' lang='lat' dir='ltr'>in</span> <span class='ocrx_word' id='word_1_32' title='bbox 1429 1283 1626 1366; x_wconf 81' lang='lat' dir='ltr'>Gambr&#39;cre</span> <span class='ocrx_word' id='word_1_33' title='bbox 1642 1279 1882 1396; x_wconf 79' lang='lat' dir='ltr'>presidentes</span> <span class='ocrx_word' id='word_1_34' title='bbox 1904 1275 1978 1392; x_wconf 69' lang='lat'>(2),</span> <span class='ocrx_word' id='word_1_35' title='bbox 2000 1311 2091 1368; x_wconf 86' lang='lat' dir='ltr'>cau·</span> 
     </span>
     <span class='ocr_line' id='line_1_6' title="bbox 461 1396 2091 1515; baseline -0.001 -27"><span class='ocrx_word' id='word_1_36' title='bbox 461 1432 554 1502; x_wconf 87' lang='lat' dir='ltr'>sam,</span> <span class='ocrx_word' id='word_1_37' title='bbox 576 1426 650 1511; x_wconf 85' lang='lat' dir='ltr'>que</span> <span class='ocrx_word' id='word_1_38' title='bbox 666 1400 760 1486; x_wconf 84' lang='lat' dir='ltr'>inter</span> <span class='ocrx_word' id='word_1_39' title='bbox 774 1396 1147 1486; x_wconf 87' lang='lat' dir='ltr'>Reverendissimum</span> <span class='ocrx_word' id='word_1_40' title='bbox 1170 1399 1205 1484; x_wconf 91' lang='lat' dir='ltr'>in</span> <span class='ocrx_word' id='word_1_41' title='bbox 1228 1396 1379 1484; x_wconf 87' lang='lat' dir='ltr'>Christo</span> <span class='ocrx_word' id='word_1_42' title='bbox 1402 1413 1544 1515; x_wconf 81' lang='lat' dir='ltr'>patrem</span> <span class='ocrx_word' id='word_1_43' title='bbox 1567 1396 1755 1485; x_wconf 91' lang='lat' dir='ltr'>dominum</span> <span class='ocrx_word' id='word_1_44' title='bbox 1776 1398 2009 1504; x_wconf 87' lang='lat' dir='ltr'>lobannem,</span> <span class='ocrx_word' id='word_1_45' title='bbox 2030 1399 2091 1486; x_wconf 90' lang='lat' dir='ltr'>dei</span> 
     </span>
    </p>

    <p class='ocr_par' dir='ltr' id='par_1_3' title="bbox 401 1514 2093 2583">
     <span class='ocr_line' id='line_1_7' title="bbox 511 1514 2090 1635; baseline -0.001 -30"><span class='ocrx_word' id='word_1_46' title='bbox 511 1519 593 1605; x_wconf 88' lang='lat' dir='ltr'>ocia</span> <span class='ocrx_word' id='word_1_47' title='bbox 614 1515 845 1635; x_wconf 79' lang='lat' dir='ltr'><strong>Episcopum</strong></span> <span class='ocrx_word' id='word_1_48' title='bbox 869 1515 1225 1604; x_wconf 77' lang='lat' dir='ltr'>wladislaviensem</span> <span class='ocrx_word' id='word_1_49' title='bbox 1246 1515 1296 1602; x_wconf 91' lang='lat' dir='ltr'>ab</span> <span class='ocrx_word' id='word_1_50' title='bbox 1317 1545 1403 1621; x_wconf 87' lang='lat' dir='ltr'>unu,</span> <span class='ocrx_word' id='word_1_51' title='bbox 1420 1546 1492 1604; x_wconf 88' lang='lat' dir='ltr'>nec</span> <span class='ocrx_word' id='word_1_52' title='bbox 1512 1545 1588 1602; x_wconf 93' lang='lat' dir='ltr'>non</span> <span class='ocrx_word' id='word_1_53' title='bbox 1609 1514 1785 1603; x_wconf 83' lang='lat' dir='ltr'>Nobilem</span> <span class='ocrx_word' id='word_1_54' title='bbox 1801 1515 1973 1606; x_wconf 83' lang='lat' dir='ltr'>lllodlibo</span> <span class='ocrx_word' id='word_1_55' title='bbox 2032 1547 2090 1618; x_wconf 87' lang='lat' dir='ltr'>um</span> 
     </span>
     <span class='ocr_line' id='line_1_8' title="bbox 461 1549 2092 1754; baseline -0.001 -28"><span class='ocrx_word' id='word_1_56' title='bbox 461 1549 831 1740; x_wconf 58' lang='lat' dir='ltr'>lincolnescire,</span> <span class='ocrx_word' id='word_1_57' title='bbox 847 1649 954 1754; x_wconf 90' lang='lat' dir='ltr'>parte</span> <span class='ocrx_word' id='word_1_58' title='bbox 975 1634 1024 1738; x_wconf 88' lang='lat' dir='ltr'>eb</span> <span class='ocrx_word' id='word_1_59' title='bbox 1041 1635 1176 1740; x_wconf 88' lang='lat' dir='ltr'>altera,</span> <span class='ocrx_word' id='word_1_60' title='bbox 1198 1663 1268 1753; x_wconf 89' lang='lat' dir='ltr'>pro</span> <span class='ocrx_word' id='word_1_61' title='bbox 1290 1633 1574 1722; x_wconf 89' lang='lat' dir='ltr'>limitacionibus</span> <span class='ocrx_word' id='word_1_62' title='bbox 1595 1637 1846 1752; x_wconf 77' lang='lat' dir='ltr'>granicierum</span> <span class='ocrx_word' id='word_1_63' title='bbox 1868 1637 1962 1724; x_wconf 87' lang='lat' dir='ltr'>inter</span> <span class='ocrx_word' id='word_1_64' title='bbox 2007 1667 2092 1724; x_wconf 89' lang='lat' dir='ltr'>ere-</span> 
     </span>
     <span class='ocr_line' id='line_1_9' title="bbox 401 1751 2093 1874; baseline -0.001 -32"><span class='ocrx_word' id='word_1_65' title='bbox 401 1797 404 1804; x_wconf 95' lang='lat'>·</span> <span class='ocrx_word' id='word_1_66' title='bbox 463 1755 611 1858; x_wconf 74' lang='lat' dir='ltr'>dietas,</span> <span class='ocrx_word' id='word_1_67' title='bbox 633 1753 702 1842; x_wconf 85' lang='lat' dir='ltr'>bas</span> <span class='ocrx_word' id='word_1_68' title='bbox 722 1753 914 1842; x_wconf 67' lang='lat' dir='ltr'>uidelicet:</span> <span class='ocrx_word' id='word_1_69' title='bbox 935 1759 1157 1867; x_wconf 78' lang='lat' dir='ltr'>Purolrunye</span> <span class='ocrx_word' id='word_1_70' title='bbox 1178 1751 1335 1874; x_wconf 82' lang='lat' dir='ltr'>predicti</span> <span class='ocrx_word' id='word_1_71' title='bbox 1362 1753 1501 1842; x_wconf 89' lang='lat' dir='ltr'>domini</span> <span class='ocrx_word' id='word_1_72' title='bbox 1521 1751 1724 1872; x_wconf 82' lang='lat' dir='ltr'>Episcopi,</span> <span class='ocrx_word' id='word_1_73' title='bbox 1746 1768 1784 1842; x_wconf 84' lang='lat' dir='ltr'>ut</span> <span class='ocrx_word' id='word_1_74' title='bbox 1803 1760 2093 1843; x_wconf 77' lang='lat' dir='ltr'>Modliboszr&#39;cze</span> 
     </span>
     <span class='ocr_line' id='line_1_10' title="bbox 463 1869 2093 1992; baseline -0.001 -32"><span class='ocrx_word' id='word_1_75' title='bbox 463 1871 688 1992; x_wconf 77' lang='lat' dir='ltr'>Modlibogij</span> <span class='ocrx_word' id='word_1_76' title='bbox 710 1872 868 1988; x_wconf 81' lang='lat' dir='ltr'>predicti</span> <span class='ocrx_word' id='word_1_77' title='bbox 889 1886 1093 1961; x_wconf 79' lang='lat' dir='ltr'>bastantes</span> <span class='ocrx_word' id='word_1_78' title='bbox 1114 1869 1193 1984; x_wconf 81' lang='lat'><strong>(³),</strong></span> <span class='ocrx_word' id='word_1_79' title='bbox 1223 1873 1332 1964; x_wconf 91' lang='lat' dir='ltr'>uobis</span> <span class='ocrx_word' id='word_1_80' title='bbox 1353 1872 1555 1961; x_wconf 73' lang='lat' dir='ltr'>literatorie</span> <span class='ocrx_word' id='word_1_81' title='bbox 1576 1869 1879 1990; x_wconf 85' lang='lat' dir='ltr'>descripserunt,</span> <span class='ocrx_word' id='word_1_82' title='bbox 1900 1871 2093 1990; x_wconf 88' lang='lat' dir='ltr'>quomodo</span> 
     </span>
     <span class='ocr_line' id='line_1_11' title="bbox 436 1987 2091 2108; baseline -0.002 -29"><span class='ocrx_word' id='word_1_83' title='bbox 436 2017 441 2028; x_wconf 81' lang='grc'><em>’</em></span> <span class='ocrx_word' id='word_1_84' title='bbox 464 1991 654 2080; x_wconf 92' lang='lat' dir='ltr'>dominum</span> <span class='ocrx_word' id='word_1_85' title='bbox 683 1989 928 2108; x_wconf 89' lang='lat' dir='ltr'>Episcopum·</span> <span class='ocrx_word' id='word_1_86' title='bbox 947 1989 1156 2108; x_wconf 90' lang='lat' dir='ltr'>predictum</span> <span class='ocrx_word' id='word_1_87' title='bbox 1186 1991 1290 2078; x_wconf 88' lang='lat' dir='ltr'>circa</span> <span class='ocrx_word' id='word_1_88' title='bbox 1319 1991 1476 2080; x_wconf 79' lang='lat' dir='ltr'>litteram</span> <span class='ocrx_word' id='word_1_89' title='bbox 1497 1989 1671 2077; x_wconf 86' lang='lat' dir='ltr'>lodicum</span> <span class='ocrx_word' id='word_1_90' title='bbox 1692 2021 1760 2080; x_wconf 92' lang='lat' dir='ltr'>seu</span> <span class='ocrx_word' id='word_1_91' title='bbox 1781 1989 1919 2108; x_wconf 83' lang='lat' dir='ltr'>dudicij</span> <span class='ocrx_word' id='word_1_92' title='bbox 1946 1987 2091 2076; x_wconf 87' lang='lat' dir='ltr'>Wladi·</span> 
     </span>
     <span class='ocr_line' id='line_1_12' title="bbox 466 2106 2092 2228; baseline -0.003 -29"><span class='ocrx_word' id='word_1_93' title='bbox 466 2110 726 2216; x_wconf 77' lang='lat' dir='ltr'>stenensium,</span> <span class='ocrx_word' id='word_1_94' title='bbox 757 2137 889 2198; x_wconf 86' lang='lat' dir='ltr'>curam</span> <span class='ocrx_word' id='word_1_95' title='bbox 918 2109 1010 2225; x_wconf 90' lang='lat' dir='ltr'>ipsis</span> <span class='ocrx_word' id='word_1_96' title='bbox 1038 2107 1174 2198; x_wconf 88' lang='lat' dir='ltr'>ibidem</span> <span class='ocrx_word' id='word_1_97' title='bbox 1201 2121 1456 2226; x_wconf 80' lang='lat' dir='ltr'>presentatum</span> <span class='ocrx_word' id='word_1_98' title='bbox 1487 2109 1641 2196; x_wconf 88' lang='lat' dir='ltr'>racione</span> <span class='ocrx_word' id='word_1_99' title='bbox 1669 2109 1922 2228; x_wconf 77' lang='lat' dir='ltr'>granicierum</span> <span class='ocrx_word' id='word_1_100' title='bbox 1944 2106 2092 2226; x_wconf 88' lang='lat' dir='ltr'>predic-</span> 
     </span>
     <span class='ocr_line' id='line_1_13' title="bbox 467 2226 2092 2346; baseline -0.002 -31"><span class='ocrx_word' id='word_1_101' title='bbox 467 2244 586 2315; x_wconf 86' lang='lat' dir='ltr'>tarum</span> <span class='ocrx_word' id='word_1_102' title='bbox 618 2243 799 2345; x_wconf 86' lang='lat' dir='ltr'>perpetue</span> <span class='ocrx_word' id='word_1_103' title='bbox 830 2242 1108 2328; x_wconf 84' lang='lat' dir='ltr'>remanserunt,</span> <span class='ocrx_word' id='word_1_104' title='bbox 1130 2244 1168 2315; x_wconf 93' lang='lat' dir='ltr'>et</span> <span class='ocrx_word' id='word_1_105' title='bbox 1187 2239 1384 2314; x_wconf 87' lang='lat' dir='ltr'>remanent</span> <span class='ocrx_word' id='word_1_106' title='bbox 1406 2257 1474 2346; x_wconf 85' lang='lat' dir='ltr'>por</span> <span class='ocrx_word' id='word_1_107' title='bbox 1494 2243 1710 2344; x_wconf 87' lang='lat' dir='ltr'>presentes,</span> <span class='ocrx_word' id='word_1_108' title='bbox 1741 2227 1852 2316; x_wconf 92' lang='lat' dir='ltr'>nobis</span> <span class='ocrx_word' id='word_1_109' title='bbox 1873 2226 1949 2313; x_wconf 91' lang='lat' dir='ltr'>boc</span> <span class='ocrx_word' id='word_1_110' title='bbox 1970 2228 2092 2343; x_wconf 88' lang='lat' dir='ltr'>ipsum</span> 
     </span>
     <span class='ocr_line' id='line_1_14' title="bbox 451 2343 2092 2465; baseline 0 -33"><span class='ocrx_word' id='word_1_111' title='bbox 451 2377 534 2464; x_wconf 42' lang='lat' dir='ltr'>‚per</span> <span class='ocrx_word' id='word_1_112' title='bbox 555 2346 696 2432; x_wconf 87' lang='lat' dir='ltr'>litteras</span> <span class='ocrx_word' id='word_1_113' title='bbox 717 2347 884 2465; x_wconf 91' lang='lat' dir='ltr'>ipsorum</span> <span class='ocrx_word' id='word_1_114' title='bbox 900 2343 1045 2464; x_wconf 91' lang='lat' dir='ltr'>plenius</span> <span class='ocrx_word' id='word_1_115' title='bbox 1062 2359 1326 2464; x_wconf 87' lang='lat' dir='ltr'>protestantes.</span> <span class='ocrx_word' id='word_1_116' title='bbox 1358 2343 1526 2433; x_wconf 89' lang='lat' dir='ltr'>Eatenus</span> <span class='ocrx_word' id='word_1_117' title='bbox 1547 2373 1631 2448; x_wconf 90' lang='lat' dir='ltr'>nos,</span> <span class='ocrx_word' id='word_1_118' title='bbox 1648 2344 1774 2432; x_wconf 90' lang='lat' dir='ltr'>audita</span> <span class='ocrx_word' id='word_1_119' title='bbox 1795 2374 1842 2432; x_wconf 90' lang='lat' dir='ltr'>ac</span> <span class='ocrx_word' id='word_1_120' title='bbox 1862 2346 1947 2432; x_wconf 88' lang='lat' dir='ltr'>visa</span> <span class='ocrx_word' id='word_1_121' title='bbox 1967 2343 2092 2432; x_wconf 92' lang='lat' dir='ltr'>buius·</span> 
     </span>
     <span class='ocr_line' id='line_1_15' title="bbox 466 2461 2092 2583; baseline -0.001 -33"><span class='ocrx_word' id='word_1_122' title='bbox 466 2463 567 2550; x_wconf 90' lang='lat' dir='ltr'>modi</span> <span class='ocrx_word' id='word_1_123' title='bbox 588 2467 704 2551; x_wconf 82' lang='lat' dir='ltr'>caus‘e</span> <span class='ocrx_word' id='word_1_124' title='bbox 723 2494 792 2581; x_wconf 91' lang='lat' dir='ltr'>per</span> <span class='ocrx_word' id='word_1_125' title='bbox 812 2463 987 2552; x_wconf 87' lang='lat' dir='ltr'>dominos</span> <span class='ocrx_word' id='word_1_126' title='bbox 1014 2466 1294 2583; x_wconf 89' lang='lat' dir='ltr'>suprascriptus</span> <span class='ocrx_word' id='word_1_127' title='bbox 1313 2465 1375 2552; x_wconf 88' lang='lat' dir='ltr'>tali</span> <span class='ocrx_word' id='word_1_128' title='bbox 1397 2464 1622 2554; x_wconf 85' lang='lat' dir='ltr'>diffinicione</span> <span class='ocrx_word' id='word_1_129' title='bbox 1643 2479 1680 2551; x_wconf 89' lang='lat' dir='ltr'>et</span> <span class='ocrx_word' id='word_1_130' title='bbox 1700 2463 1907 2572; x_wconf 81' lang='lat' dir='ltr'>decisione,</span> <span class='ocrx_word' id='word_1_131' title='bbox 1950 2461 2092 2551; x_wconf 85' lang='lat' dir='ltr'>redicte</span> 
     </span>
    </p>
   </div>
   <div class='ocr_carea' id='block_1_3' title="bbox 466 2491 2132 2954">
    <p class='ocr_par' dir='ltr' id='par_1_4' title="bbox 466 2491 2132 2954">
     <span class='ocr_line' id='line_1_16' title="bbox 467 2491 2132 2700; baseline -0.001 -32"><span class='ocrx_word' id='word_1_132' title='bbox 467 2583 596 2686; x_wconf 88' lang='lat' dir='ltr'>littere,</span> <span class='ocrx_word' id='word_1_133' title='bbox 625 2612 756 2670; x_wconf 89' lang='lat' dir='ltr'>coram</span> <span class='ocrx_word' id='word_1_134' title='bbox 785 2580 944 2671; x_wconf 94' lang='lat' dir='ltr'>dominis</span> <span class='ocrx_word' id='word_1_135' title='bbox 965 2583 1182 2700; x_wconf 79' lang='lat' dir='ltr'>prescriptis</span> <span class='ocrx_word' id='word_1_136' title='bbox 1213 2611 1269 2670; x_wconf 88' lang='lat' dir='ltr'>sru</span> <span class='ocrx_word' id='word_1_137' title='bbox 1290 2596 1524 2700; x_wconf 84' lang='lat' dir='ltr'>presentata,</span> <span class='ocrx_word' id='word_1_138' title='bbox 1556 2580 1673 2670; x_wconf 82' lang='lat' dir='ltr'>robur</span> <span class='ocrx_word' id='word_1_139' title='bbox 1703 2597 1884 2700; x_wconf 87' lang='lat' dir='ltr'>perpetue</span> <span class='ocrx_word' id='word_1_140' title='bbox 1911 2491 2094 2669; x_wconf 78' lang='lat' dir='ltr'>libmitatis</span> <span class='ocrx_word' id='word_1_141' title='bbox 2126 2577 2132 2588; x_wconf 85' lang='lat'>&#39;</span> 
     </span>
     <span class='ocr_line' id='line_1_17' title="bbox 466 2691 2095 2819; baseline -0.001 -32"><span class='ocrx_word' id='word_1_142' title='bbox 466 2699 782 2803; x_wconf 88' lang='lat' dir='ltr'>adiudicavimus‚</span> <span class='ocrx_word' id='word_1_143' title='bbox 814 2716 852 2788; x_wconf 86' lang='lat' dir='ltr'>et</span> <span class='ocrx_word' id='word_1_144' title='bbox 871 2704 993 2816; x_wconf 87' lang='lat' dir='ltr'>ipsam</span> <span class='ocrx_word' id='word_1_145' title='bbox 1014 2701 1282 2788; x_wconf 84' lang='lat' dir='ltr'>confirmamus</span> <span class='ocrx_word' id='word_1_146' title='bbox 1303 2703 1496 2819; x_wconf 88' lang='lat' dir='ltr'>perpetuis</span> <span class='ocrx_word' id='word_1_147' title='bbox 1517 2701 1750 2816; x_wconf 85' lang='lat' dir='ltr'>temporibus</span> <span class='ocrx_word' id='word_1_148' title='bbox 1772 2691 1996 2788; x_wconf 86' lang='lat' dir='ltr'>duraturam.</span> <span class='ocrx_word' id='word_1_149' title='bbox 2051 2698 2095 2786; x_wconf 90' lang='lat' dir='ltr'>Si</span> 
     </span>
     <span class='ocr_line' id='line_1_18' title="bbox 467 2816 2093 2954; baseline -0.002 -47"><span class='ocrx_word' id='word_1_150' title='bbox 467 2835 592 2907; x_wconf 88' lang='lat' dir='ltr'>autern</span> <span class='ocrx_word' id='word_1_151' title='bbox 612 2816 863 2954; x_wconf 82' lang='lat' dir='ltr'>lllodlibogyp</span> <span class='ocrx_word' id='word_1_152' title='bbox 885 2817 1054 2936; x_wconf 89' lang='lat' dir='ltr'>predicto</span> <span class='ocrx_word' id='word_1_153' title='bbox 1077 2820 1199 2937; x_wconf 89' lang='lat' dir='ltr'>aliqua</span> <span class='ocrx_word' id='word_1_154' title='bbox 1220 2821 1349 2906; x_wconf 91' lang='lat' dir='ltr'>iniuria</span> <span class='ocrx_word' id='word_1_155' title='bbox 1371 2849 1395 2906; x_wconf 87' lang='lat' dir='ltr'>a</span> <span class='ocrx_word' id='word_1_156' title='bbox 1417 2818 1569 2907; x_wconf 90' lang='lat' dir='ltr'>domino</span> <span class='ocrx_word' id='word_1_157' title='bbox 1601 2817 1797 2938; x_wconf 81' lang='lat' dir='ltr'>Episcopo</span> <span class='ocrx_word' id='word_1_158' title='bbox 1828 2816 2002 2936; x_wconf 74' lang='lat' dir='ltr'>predicto,</span> <span class='ocrx_word' id='word_1_159' title='bbox 2029 2847 2093 2904; x_wconf 93' lang='lat' dir='ltr'>su·</span> 
     </span>
    </p>
   </div>
   <div class='ocr_carea' id='block_1_4' title="bbox 468 2931 2108 3410">
    <p class='ocr_par' dir='ltr' id='par_1_5' title="bbox 468 2931 2108 3410">
     <span class='ocr_line' id='line_1_19' title="bbox 470 2931 2108 3056; baseline -0.001 -34"><span class='ocrx_word' id='word_1_160' title='bbox 470 2938 718 3056; x_wconf 89' lang='lat' dir='ltr'>perantiquis</span> <span class='ocrx_word' id='word_1_161' title='bbox 739 2940 919 3055; x_wconf 77' lang='lat' dir='ltr'>granicijs</span> <span class='ocrx_word' id='word_1_162' title='bbox 940 2935 1151 3042; x_wconf 84' lang='lat' dir='ltr'>videretur,</span> <span class='ocrx_word' id='word_1_163' title='bbox 1179 2953 1316 3025; x_wconf 87' lang='lat' dir='ltr'>extunc</span> <span class='ocrx_word' id='word_1_164' title='bbox 1337 2939 1418 3056; x_wconf 90' lang='lat' dir='ltr'>ipse</span> <span class='ocrx_word' id='word_1_165' title='bbox 1440 2935 1711 3056; x_wconf 80' lang='lat' dir='ltr'>lllodlibogyus</span> <span class='ocrx_word' id='word_1_166' title='bbox 1734 2967 1819 3024; x_wconf 89' lang='lat' dir='ltr'>cum</span> <span class='ocrx_word' id='word_1_167' title='bbox 1832 2935 1984 3023; x_wconf 79' lang='lat' dir='ltr'>donnino</span> <span class='ocrx_word' id='word_1_168' title='bbox 2006 2931 2108 3052; x_wconf 86' lang='lat' dir='ltr'>Epi·-</span> 
     </span>
     <span class='ocr_line' id='line_1_20' title="bbox 469 3051 2094 3173; baseline -0.002 -31"><span class='ocrx_word' id='word_1_169' title='bbox 469 3083 590 3172; x_wconf 85' lang='lat' dir='ltr'>soopn</span> <span class='ocrx_word' id='word_1_170' title='bbox 611 3055 794 3172; x_wconf 87' lang='lat' dir='ltr'>predicto,</span> <span class='ocrx_word' id='word_1_171' title='bbox 816 3055 909 3142; x_wconf 83' lang='lat' dir='ltr'>lure</span> <span class='ocrx_word' id='word_1_172' title='bbox 932 3057 1096 3143; x_wconf 89' lang='lat' dir='ltr'>terrestri</span> <span class='ocrx_word' id='word_1_173' title='bbox 1118 3085 1254 3142; x_wconf 88' lang='lat' dir='ltr'>secure</span> <span class='ocrx_word' id='word_1_174' title='bbox 1275 3056 1408 3173; x_wconf 88' lang='lat' dir='ltr'>poterit</span> <span class='ocrx_word' id='word_1_175' title='bbox 1429 3054 1638 3173; x_wconf 88' lang='lat' dir='ltr'>procedere</span> <span class='ocrx_word' id='word_1_176' title='bbox 1660 3085 1728 3171; x_wconf 93' lang='lat' dir='ltr'>pro</span> <span class='ocrx_word' id='word_1_177' title='bbox 1751 3051 1906 3143; x_wconf 89' lang='lat' dir='ltr'>eisdem.</span> <span class='ocrx_word' id='word_1_178' title='bbox 1939 3051 2094 3154; x_wconf 89' lang='lat' dir='ltr'>Harum,</span> 
     </span>
     <span class='ocr_line' id='line_1_21' title="bbox 468 3170 2093 3309; baseline -0.002 -49"><span class='ocrx_word' id='word_1_179' title='bbox 468 3174 603 3294; x_wconf 83' lang='lat' dir='ltr'>quibus</span> <span class='ocrx_word' id='word_1_180' title='bbox 624 3173 757 3309; x_wconf 71' lang='lat' dir='ltr'>Sigilla</span> <span class='ocrx_word' id='word_1_181' title='bbox 779 3189 908 3260; x_wconf 89' lang='lat' dir='ltr'>nostra</span> <span class='ocrx_word' id='word_1_182' title='bbox 932 3189 1018 3260; x_wconf 90' lang='lat' dir='ltr'>sunt</span> <span class='ocrx_word' id='word_1_183' title='bbox 1039 3201 1220 3291; x_wconf 88' lang='lat' dir='ltr'>appensa,</span> <span class='ocrx_word' id='word_1_184' title='bbox 1241 3176 1453 3264; x_wconf 88' lang='lat' dir='ltr'>testimonio</span> <span class='ocrx_word' id='word_1_185' title='bbox 1476 3175 1686 3264; x_wconf 89' lang='lat' dir='ltr'>litterarum.</span> <span class='ocrx_word' id='word_1_186' title='bbox 1739 3175 1875 3262; x_wconf 83' lang='lat' dir='ltr'>Actum</span> <span class='ocrx_word' id='word_1_187' title='bbox 1897 3187 1934 3260; x_wconf 88' lang='lat' dir='ltr'>et</span> <span class='ocrx_word' id='word_1_188' title='bbox 1953 3170 2093 3277; x_wconf 88' lang='lat' dir='ltr'>dutum,</span> 
     </span>
     <span class='ocr_line' id='line_1_22' title="bbox 471 3291 1992 3410; baseline 0 -32"><span class='ocrx_word' id='word_1_189' title='bbox 471 3305 507 3378; x_wconf 90' lang='lat' dir='ltr'>et</span> <span class='ocrx_word' id='word_1_190' title='bbox 528 3292 764 3408; x_wconf 80' lang='lat' dir='ltr'>presentibus</span> <span class='ocrx_word' id='word_1_191' title='bbox 785 3292 857 3410; x_wconf 86' lang='lat' dir='ltr'>bijs</span> <span class='ocrx_word' id='word_1_192' title='bbox 879 3291 1056 3398; x_wconf 85' lang='lat' dir='ltr'>testibus,</span> <span class='ocrx_word' id='word_1_193' title='bbox 1078 3291 1213 3410; x_wconf 87' lang='lat' dir='ltr'>quibus</span> <span class='ocrx_word' id='word_1_194' title='bbox 1236 3321 1362 3408; x_wconf 90' lang='lat' dir='ltr'>supra.</span> <span class='ocrx_word' id='word_1_195' title='bbox 1987 3303 1992 3313; x_wconf 85' lang='lat'>&#39;</span> 
     </span>
    </p>
   </div>
   <div class='ocr_carea' id='block_1_5' title="bbox 445 3603 2101 4011">
    <p class='ocr_par' dir='ltr' id='par_1_6' title="bbox 445 3603 2101 4011">
     <span class='ocr_line' id='line_1_23' title="bbox 574 3603 2099 3696; baseline 0.001 -24"><span class='ocrx_word' id='word_1_196' title='bbox 574 3605 615 3689; x_wconf 77' lang='lat'>(²)</span> <span class='ocrx_word' id='word_1_197' title='bbox 648 3603 755 3686; x_wconf 71' lang='lat' dir='ltr'>price</span> <span class='ocrx_word' id='word_1_198' title='bbox 767 3607 835 3673; x_wconf 85' lang='lat' dir='ltr'>villa</span> <span class='ocrx_word' id='word_1_199' title='bbox 848 3609 989 3674; x_wconf 86' lang='lat' dir='ltr'>territorii</span> <span class='ocrx_word' id='word_1_200' title='bbox 1005 3608 1221 3686; x_wconf 80' lang='lat' dir='ltr'>Lanciciensia,</span> <span class='ocrx_word' id='word_1_201' title='bbox 1241 3609 1372 3694; x_wconf 79' lang='lat' dir='ltr'>regionis</span> <span class='ocrx_word' id='word_1_202' title='bbox 1395 3609 1608 3694; x_wconf 80' lang='lat' dir='ltr'>Zgierscensis;</span> <span class='ocrx_word' id='word_1_203' title='bbox 1631 3607 1807 3675; x_wconf 71' lang='lat' dir='ltr'>Labranios</span> <span class='ocrx_word' id='word_1_204' title='bbox 1823 3607 1972 3696; x_wconf 87' lang='lat' dir='ltr'>oppidum</span> <span class='ocrx_word' id='word_1_205' title='bbox 1988 3617 2019 3676; x_wconf 88' lang='lat' dir='ltr'>et</span> <span class='ocrx_word' id='word_1_206' title='bbox 2033 3608 2099 3676; x_wconf 81' lang='lat' dir='ltr'>villu</span> 
     </span>
     <span class='ocr_line' id='line_1_24' title="bbox 472 3689 1790 3780; baseline 0.002 -24"><span class='ocrx_word' id='word_1_207' title='bbox 472 3689 615 3756; x_wconf 86' lang='lat' dir='ltr'>territorii</span> <span class='ocrx_word' id='word_1_208' title='bbox 630 3690 830 3770; x_wconf 68' lang='lat' dir='ltr'>(lubricosis,</span> <span class='ocrx_word' id='word_1_209' title='bbox 845 3692 976 3776; x_wconf 80' lang='lat' dir='ltr'>regionis</span> <span class='ocrx_word' id='word_1_210' title='bbox 991 3712 1062 3758; x_wconf 86' lang='lat' dir='ltr'>raro</span> <span class='ocrx_word' id='word_1_211' title='bbox 1076 3691 1259 3767; x_wconf 85' lang='lat' dir='ltr'>Brestansis;</span> <span class='ocrx_word' id='word_1_212' title='bbox 1281 3691 1402 3760; x_wconf 80' lang='lat' dir='ltr'>Brzozc</span> <span class='ocrx_word' id='word_1_213' title='bbox 1416 3693 1484 3760; x_wconf 85' lang='lat' dir='ltr'>villu</span> <span class='ocrx_word' id='word_1_214' title='bbox 1499 3693 1633 3780; x_wconf 84' lang='lat' dir='ltr'>ejusdem</span> <span class='ocrx_word' id='word_1_215' title='bbox 1649 3695 1790 3780; x_wconf 78' lang='lat' dir='ltr'>regionis</span> 
     </span>
     <span class='ocr_line' id='line_1_25' title="bbox 445 3773 2093 3866; baseline 0.001 -27"><span class='ocrx_word' id='word_1_216' title='bbox 445 3851 449 3860; x_wconf 30' lang='grc' dir='ltr'>ι</span> <span class='ocrx_word' id='word_1_217' title='bbox 573 3773 613 3860; x_wconf 80' lang='lat'>(³)</span> <span class='ocrx_word' id='word_1_218' title='bbox 680 3775 866 3863; x_wconf 77' lang='lat' dir='ltr'>odlilorzyce</span> <span class='ocrx_word' id='word_1_219' title='bbox 879 3776 948 3840; x_wconf 85' lang='lat' dir='ltr'>rillu</span> <span class='ocrx_word' id='word_1_220' title='bbox 962 3775 1040 3840; x_wconf 88' lang='lat' dir='ltr'>circa</span> <span class='ocrx_word' id='word_1_221' title='bbox 1054 3776 1153 3842; x_wconf 88' lang='lat' dir='ltr'>villam</span> <span class='ocrx_word' id='word_1_222' title='bbox 1174 3777 1345 3842; x_wconf 79' lang='lat' dir='ltr'>Parclmnic</span> <span class='ocrx_word' id='word_1_223' title='bbox 1360 3779 1391 3843; x_wconf 92' lang='lat' dir='ltr'>in</span> <span class='ocrx_word' id='word_1_224' title='bbox 1407 3779 1556 3844; x_wconf 89' lang='lat' dir='ltr'>territorio</span> <span class='ocrx_word' id='word_1_225' title='bbox 1569 3777 1792 3866; x_wconf 80' lang='lat' dir='ltr'>Bydgostionsi.</span> <span class='ocrx_word' id='word_1_226' title='bbox 1808 3777 1932 3862; x_wconf 80' lang='lat' dir='ltr'>regione</span> <span class='ocrx_word' id='word_1_227' title='bbox 1946 3776 2093 3842; x_wconf 86' lang='lat' dir='ltr'>Juoiwla-</span> 
     </span>
     <span class='ocr_line' id='line_1_26' title="bbox 473 3859 2101 3947; baseline 0.001 -21"><span class='ocrx_word' id='word_1_228' title='bbox 473 3859 646 3926; x_wconf 79' lang='lat' dir='ltr'>dislauieusi</span> <span class='ocrx_word' id='word_1_229' title='bbox 667 3861 734 3938; x_wconf 82' lang='lat' dir='ltr'>situ,</span> <span class='ocrx_word' id='word_1_230' title='bbox 757 3865 877 3926; x_wconf 77' lang='lat' dir='ltr'>nonest</span> <span class='ocrx_word' id='word_1_231' title='bbox 897 3859 1107 3927; x_wconf 81' lang='lat' dir='ltr'>conlundendu</span> <span class='ocrx_word' id='word_1_232' title='bbox 1127 3879 1197 3928; x_wconf 78' lang='lat' dir='ltr'>curui</span> <span class='ocrx_word' id='word_1_233' title='bbox 1217 3859 1284 3926; x_wconf 81' lang='lat' dir='ltr'>villa</span> <span class='ocrx_word' id='word_1_234' title='bbox 1307 3861 1442 3947; x_wconf 82' lang='lat' dir='ltr'>ejusdam</span> <span class='ocrx_word' id='word_1_235' title='bbox 1457 3863 1589 3930; x_wconf 86' lang='lat' dir='ltr'>nominis</span> <span class='ocrx_word' id='word_1_236' title='bbox 1607 3863 1638 3928; x_wconf 90' lang='lat' dir='ltr'>in</span> <span class='ocrx_word' id='word_1_237' title='bbox 1649 3863 1805 3932; x_wconf 82' lang='lat' dir='ltr'>territorio</span> <span class='ocrx_word' id='word_1_238' title='bbox 1822 3872 1859 3929; x_wconf 82' lang='lat' dir='ltr'>at</span> <span class='ocrx_word' id='word_1_239' title='bbox 1879 3859 1999 3946; x_wconf 74' lang='lat' dir='ltr'>ragione</span> <span class='ocrx_word' id='word_1_240' title='bbox 2014 3859 2101 3947; x_wconf 87' lang='lat' dir='ltr'>Opu-</span> 
     </span>
     <span class='ocr_line' id='line_1_27' title="bbox 474 3945 1533 4011; baseline 0 0"><span class='ocrx_word' id='word_1_241' title='bbox 474 3945 602 4011; x_wconf 86' lang='lat' dir='ltr'>tovicnsi</span> <span class='ocrx_word' id='word_1_242' title='bbox 624 3945 688 4010; x_wconf 90' lang='lat' dir='ltr'>sita.</span> <span class='ocrx_word' id='word_1_243' title='bbox 1530 3973 1533 3984; x_wconf 94' lang='lat'><em>·</em></span> 
     </span>
    </p>
   </div>
   <div class='ocr_carea' id='block_1_6' title="bbox 0 0 2479 5936">
    <p class='ocr_par' dir='ltr' id='par_1_7' title="bbox 0 0 2479 5936">
     <span class='ocr_line' id='line_1_28' title="bbox 0 0 2479 5936; baseline 0 0"><span class='ocrx_word' id='word_1_244' title='bbox 0 0 2479 5936; x_wconf 95' lang='lat' dir='ltr'> </span> 
     </span>
    </p>
   </div>
  </div>
 </body>
</html>
