4926 5940
1056 743 1459 818 -attt-·

375 949 506 1038 rancia
524 975 619 1036 vero
639 943 729 1042 dicti
747 943 859 1064 sigilli
879 955 1003 1032 textus
1022 943 1152 1032 littaris
1172 942 1394 1059 capitalibus
1415 935 1753 1058 premissa'cruce:
1793 949 1834 1032 S
1863 949 2005 1036 Mathia

375 1071 557 1183 Epciccpi
581 1067 894 1154 lllude'slcuicusa'r
912 1060 1128 1182 legebatur3
1160 1061 1321 1180 sigillum
1342 1077 1436 1150 vero
1456 1059 1557 1149 aliud
1586 1059 1685 1148 dicte
1705 1061 1868 1152 ecclesie
1892 1062 2007 1156 Wlu·
2123 1090 2128 1104 “

376 1185 614 1276 dislauieusis
637 1179 800 1302 Capituli
834 1180 1000 1268 simihtcr
1031 1179 1097 1269 luit
1127 1180 1334 1298 oblongum
1355 1177 1405 1268 dc
1425 1208 1517 1268 ocra
1537 1181 1744 1288 communi,
1775 1181 1874 1290 iptus
1902 1197 1940 1272 et
1959 1185 2009 1274 ab

377 1318 483 1394 extra
502 1303 652 1408 lactum,
669 1303 706 1388 in
726 1301 833 1388 cuius
848 1298 999 1413 quidem
1020 1298 1133 1416 sigilli
1153 1297 1278 1388 medio
1299 1296 1461 1416 quedam
1481 1326 1626 1418 ymago
1644 1297 1768 1388 Beate
1783 1297 1908 1390 Maria
1921 1299 2009 1390 Vir·

375 1423 476 1544 ginis
497 1422 674 1510 infantem
696 1421 732 1506 in
753 1447 867 1506 manu
887 1418 1038 1506 sinistra
1058 1417 1276 1518 baiulantis,
1298 1433 1335 1504 ct
1350 1419 1387 1504 in
1403 1415 1537 1504 dextra
1552 1443 1704 1534 pomum
1725 1431 1878 1525 tenens,
1901 1421 2010 1538 quasi

376 1538 516 1630 sedens
537 1569 654 1658 super
674 1538 825 1626 duobus
845 1536 1077 1642 animalibus,
1099 1536 1283 1652 capitibus
1303 1535 1480 1644 extensis,
1493 1535 1639 1652 sculpta
1654 1535 1896 1626 cernebatur:
1918 1539 2009 1628 sub·
2139 1546 2142 1556 ’

376 1673 437 1747 tar
457 1687 571 1778 quam
591 1659 806 1776 ymaginem
828 1654 989 1775 quedam
1010 1683 1163 1775 ymago,
1185 1655 1353 1744 extensis
1373 1653 1423 1740 ad
1445 1653 1629 1749 orandum
1650 1655 1822 1744 manibus
1844 1652 1880 1746 et
1899 1649 2008 1748 hexis

292 1851 294 1856 .
374 1778 550 1897 genibus,
570 1778 607 1864 in
628 1776 753 1864 medio
774 1773 930 1878 duarum
951 1801 1153 1894 parvarum
1173 1774 1409 1892 ymaginum,
1432 1803 1506 1892 qua
1526 1771 1689 1862 discerni
1717 1803 1794 1862 non
1823 1790 2008 1893 poterant,

375 1894 455 1983 scul
484 1910 520 1983 ta
548 1894 802 2012 apparebant;
841 1907 963 1980 textus
989 1922 1083 1982 vero
1111 1893 1239 1982 litteris
1267 1891 1490 2010 capitalibus
1519 1893 1557 1979 in
1586 1893 1891 1982 circumferencia
1918 1893 2007 1984 dicti

375 1925 487 2132 sigtth
507 2013 678 2129 sculptus
698 2026 853 2130 propter
873 2010 1050 2129 pulveres
1071 2009 1192 2100 eidem
1215 2013 1328 2098 textui
1357 2009 1608 2111 adherentes,
1638 2041 1715 2100 nou
1743 2013 1863 2129 potuit
1885 2011 2011 2102 debile

375 2130 453 2251 legi
474 2145 512 2218 et
532 2129 718 2217 describi:
750 2130 936 2250 nobisque
957 2133 1151 2246 exposuit,
1182 2129 1374 2248 quomodo
1394 2158 1478 2216 curn
1501 2126 1636 2216 codem
1656 2129 1855 2250 privilagio
1882 2129 1933 2220 ad
1954 2127 2011 2218 di·
2133 2139 2138 2154 '

375 2277 490 2336 versa
509 2247 658 2335 dudicia
679 2260 717 2335 ct
736 2247 822 2335 loca
844 2261 949 2335 esset
968 2263 1227 2364 perrecturus,
1259 2263 1296 2336 ct
1316 2277 1364 2334 nc
1385 2245 1523 2365 aliquid
1544 2247 1699 2363 periculi
1719 2250 1757 2336 in
1777 2247 1914 2342 eodem
1961 2249 2012 2336 ri·

376 2366 515 2500 vilegio
537 2368 750 2484 contingat,
780 2364 906 2468 debita
932 2367 1017 2451 cum
1047 2366 1229 2453 instancia
1258 2395 1281 2450 a
1310 2365 1421 2452 nobis
1449 2365 1670 2479 postulavit,
1709 2365 1883 2483 quatinus
1912 2277 2012 2454 idem

377 2483 612 2604 privilegium
623 2483 861 2571 transsumi
870 2481 965 2593 (sic),
975 2483 1206 2585 transscribi,
1217 2497 1253 2570 et
1266 2483 1301 2568 in
1314 2483 1471 2568 iormam
1481 2481 1668 2598 publicam
1678 2483 1801 2601 redigi
1811 2481 2011 2571 mandare·

376 2633 480 2709 mus,
507 2602 734 2718 interpositis
754 2599 825 2688 sibi
845 2601 1070 2718 auctoritate
1089 2615 1220 2692 nostra
1241 2613 1280 2687 et
1299 2599 1477 2694 decreto,
1508 2598 1696 2717 sigillique
1725 2601 1844 2688 nostri
1868 2628 2012 2717 appeu-

376 2722 484 2810 sione
504 2720 744 2826 communiri,
775 2733 815 2806 ut
835 2716 957 2806 cidem
979 2731 1235 2838 transsumpto
1255 2719 1292 2807 in
1312 2717 1470 2834 dudicijs
1492 2731 1530 2804 et
1549 2731 1656 2834 extra
1675 2747 1724 2806 ac
1744 2717 1882 2836 ubique
1905 2717 2011 2806 loco·

375 2871 458 2929 rum
478 2852 642 2928 staretur
662 2854 699 2926 et
719 2835 959 2943 crederetur,
990 2836 1156 2926 aclides
1185 2835 1403 2926 omnimoda
1433 2835 1694 2942 adhiberetur,
1725 2849 1915 2955 tamquam
1936 2837 2011 2926 ori-

376 2959 491 3078 ginali
513 2955 711 3077 privilagio
732 2971 953 3045 memorato.
993 2953 1080 3043 Nos
1102 2986 1194 3045 vero
1215 2956 1316 3044 dicto
1335 2955 1535 3076 privilegio
1554 2969 1712 3075 recepto
1733 2969 1770 3044 et
1788 2969 2011 3160 conqpeetn,

376 3074 700 3196 attendentesque,
722 3072 826 3196 quod
847 3076 944 3162 iusta
965 3073 1177 3192 petentibus
1197 3103 1379 3162 assensus
1400 3103 1476 3161 non
1496 3085 1556 3162 cst
1576 3071 1848 3193 denegandus,
1898 3075 2012 3161 ictum

375 3191 610 3312 privilegium
651 3226 721 3314 per
761 3196 1074 3311 circumspectum
1109 3191 1321 3280 lohanncm
1356 3190 1513 3280 Andrea
1547 3191 1597 3278 dc
1636 3195 1795 3307 Crobyc,
1832 3191 2012 3309 imperiali
2105 3283 2111 3297 q

376 3313 598 3400 auctoritate
638 3312 847 3429 publicum,
893 3341 941 3398 ac
981 3311 1165 3400 notarium
1207 3323 1375 3400 nostrum
1415 3310 1714 3428 infrascriptum,
1757 3309 2011 3416 transsummi,

212 3471 219 3476 ·
375 3429 614 3538 transscribi,
645 3447 683 3519 et
702 3432 738 3518 in
766 3429 952 3550 publicam
982 3431 1140 3518 formam
1162 3430 1286 3551 redigi
1306 3427 1580 3540 mandavimus,
1607 3429 1716 3518 nichil
1745 3426 1925 3517 addendo
1950 3427 2011 3516 vel

375 3547 598 3648 minuendo,
630 3547 731 3665 quod
768 3578 921 3636 sensum
958 3551 1187 3652 immutaret,
1223 3549 1284 3638 val
1318 3549 1484 3642 uariaret
1512 3547 1757 3657 intellectum3
1789 3576 1864 3667 quo
1885 3562 2009 3635 trans·

376 3677 526 3782 sumpto
548 3679 586 3750 ct
605 3667 887 3754 auscultacione
907 3667 1008 3754 lacta
1029 3665 1196 3787 diligenti
1227 3697 1311 3754 cum
1342 3665 1497 3770 eodem,
1528 3667 1614 3782 quia
1643 3664 1857 3754 huiusmodi
1887 3681 2011 3753 trans·

376 3795 561 3901 sumptum
583 3813 666 3870 cum
688 3783 886 3906 privilegio
907 3784 1081 3921 originali
1101 3785 1291 3873 antedicto
1312 3785 1349 3872 in
1371 3785 1543 3874 omnibus
1564 3797 1602 3872 et
1622 3813 1691 3902 per
1719 3785 1843 3872 omnia
1868 3783 2011 3872 inveni-

376 3929 459 3989 mus
480 3901 735 4008 coucordare,
767 3901 931 4022 ideoque
951 3900 1072 3991 erdem
1094 3916 1353 4022 transsumpto
1375 3917 1543 3991 nostram
1564 3903 1824 3990 auctoritatem
1843 3902 2009 4017 interpu-

376 4019 518 4104 suimus
538 4032 575 4104 et
594 4021 863 4138 interponimus
885 4053 954 4139 per
974 4038 1183 4139 presentes,
1206 4036 1243 4108 et
1263 4023 1454 4110 decretum
1468 4019 1637 4106 volentes
1654 4033 1689 4105 et
1706 4047 1776 4136 per
1796 4017 1868 4104 hec
1888 4019 2009 4136 scrip·

375 4151 412 4222 ta
444 4133 712 4239 decernentes,
754 4137 857 4254 quod
888 4137 1009 4224 cidem
1034 4152 1291 4254 transsumpto
1320 4139 1356 4222 in
1386 4135 1536 4222 ludicic
1565 4149 1602 4221 et
1630 4149 1754 4243 extra,
1792 4165 1840 4222 ac
1871 4135 2009 4248 ubique

375 4253 544 4343 locorum
574 4264 693 4338 stetur
722 4266 761 4338 et
788 4252 982 4342 credatur,
1013 4252 1184 4367 lidesque
1211 4253 1379 4370 plenaria
1409 4253 1649 4359 adhiheatur,
1686 4283 1736 4341 ac
1763 4254 1796 4342 si
1827 4253 2010 4373 originale

375 4369 608 4488 privilegium
630 4369 879 4488 prescriptum
910 4401 980 4487 per
1009 4371 1134 4459 omnia
1169 4385 1381 4490 appareret.
1424 4371 1541 4460 Cuius
1562 4369 1712 4490 quidem
1733 4371 1926 4493 Privilegiy'
1954 4387 2008 4460 te·

376 4515 449 4575 nor
468 4488 518 4578 de
538 4487 659 4576 verbo
680 4485 731 4575 ad
751 4487 908 4576 verbum
931 4490 1117 4608 sequitur,
1149 4503 1187 4578 et
1207 4503 1267 4579 est
1287 4489 1387 4578 talis:
2119 4593 2123 4598 .

475 4609 670 4830 (Sym
684 4612 920 4722 pnbdepc'um
940 4613 1035 4696 occi
1051 4611 1150 4698 1334
1170 4619 1273 4722 quod
1289 4615 1364 4696 vrit.
1386 4615 1598 4696 adeundam
1619 4641 1756 4698 conum
1775 4615 1823 4701 Ν.
1849 4605 2009 4700 CCLVl

303 4925 308 4934 ,
467 4872 566 4952 ¹'l‘curns
582 4873 616 4927 Π.
1803 4874 1838 4933 5¹1
