4926 5940
265 2611 272 2625 ·
397 2563 534 2653 dantes
555 2565 752 2670 auxilinm,
786 2565 980 2654 consilium
1001 2563 1062 2650 uel
1082 2564 1250 2652 luuurem
1271 2563 1421 2682 publice
1441 2565 1501 2650 uel
1522 2590 1618 2650 occu

1073 715 1244 788 -425
1303 755 1345 766 -

391 932 555 1006 menum
582 912 735 1028 aliquod
772 915 948 1033 praetatis
987 929 1053 1004 out
1079 915 1215 1036 aliquis
1243 929 1408 1002 vestmm
1438 925 1600 1034 prestet,
1632 941 1702 1033 per
1721 943 1807 1002 vos·
1822 917 1884 1004 vel
1905 919 2017 1007 alium

391 1060 462 1122 seu
481 1034 597 1138 elius,
626 1031 776 1152 publice
795 1031 856 1124 vel
875 1035 1039 1140 occulte,
1058 1032 1214 1122 wdirecte
1240 1034 1300 1123 vel
1321 1032 1521 1139 indirecte,
1552 1034 1687 1150 quums
1709 1035 1857 1152 quesitu
1879 1039 2019 1144 colore,

392 1183 516 1269 nequis
535 1149 762 1268 impediendi
783 1167 820 1239 et
839 1149 1085 1270 perturbandi
1105 1151 1266 1240 eundem
1288 1151 1477 1239 dominum
1505 1150 1737 1270 Episcopum
1759 1151 2021 1269 vel'prncura-

392 1287 512 1360 turem
540 1299 651 1359 wsuern
679 1269 887 1387 predictum
916 1267 1032 1385 super
1052 1269 1245 1387 premissis
1266 1271 1305 1356 in
1323 1271 1449 1388 aliquo
1470 1269 1566 1357 detis
1588 1299 1656 1356 seu
1678 1271 1767 1357 dent
1787 1287 1851 1358 aut
1872 1271 1935 1361 det
1955 1303 2023 1360 au-

392 1388 535 1492 xilium,
566 1389 762 1506 consilium
783 1386 844 1472 uel
865 1386 1055 1492 leuorem3
1086 1384 1156 1474 sed
1177 1389 1213 1474 in
1234 1387 1407 1473 omnibus
1428 1401 1465 1474 et
1483 1415 1555 1502 per
1575 1388 1699 1474 omniu
1721 1417 1837 1506 supra
1859 1403 1895 1476 et
1912 1393 2023 1479 intra-

348 1531 354 1542 ·
393 1508 545 1624 scriptis
564 1505 751 1594 mandatis
773 1519 810 1591 et
832 1503 1102 1592 municionibus
1122 1505 1263 1591 nostris
1283 1503 1511 1600 huiusmodi,
1537 1533 1626 1622 ymo
1647 1508 1772 1592 uerius
1793 1509 2025 1621 apostolicis,

392 1625 559 1742 parastis
587 1639 625 1710 et
655 1621 853 1712 intendatis
873 1650 921 1708 ac
942 1619 1094 1741 quilibet
1113 1634 1280 1710 vestrum
1301 1633 1491 1740 parentet
1511 1621 1680 1711 intendat
1699 1623 1850 1711 realiter
1877 1641 1914 1715 et
1940 1657 2025 1713 cum

396 1743 544 1830 ellectu.
607 1740 785 1860 Alioquin
815 1742 847 1829 si
868 1741 1053 1857 premissa
1082 1741 1206 1828 omnia
1228 1755 1266 1826 et
1285 1741 1447 1859 singula,
1468 1755 1581 1859 prout
1600 1756 1801 1829 narrantur
1821 1745 1895 1858 (ac)
1917 1745 2027 1833 vobis
2103 1763 2106 1768 “

396 1858 633 1966 mandantur,
653 1888 730 1948 non
750 1858 1065 1977 adimpleueritiS,
1085 1889 1154 1948 seu
1174 1856 1477 1976 adimpleuerint,
1508 1887 1557 1946 ac
1577 1858 1764 1947 mandatis
1790 1875 1828 1948 et
1847 1866 2026 1950 municio-

394 1978 507 2064 nibus
534 1972 673 2070 nostris
701 1976 937 2072 huiusmodi,
966 2003 1055 2094 pmu
1086 1977 1213 2074 uerius
1241 1975 1483 2094 apostolicis,
1514 2006 1590 2064 non
1619 1978 1837 2092 parueritis,
1867 1996 2028 2068 autnon

398 2096 606 2211 paruerint,
628 2125 697 2184 seu
718 2123 794 2184 non
814 2098 982 2213 paruerit
999 2095 1151 2182 realiter
1171 2107 1309 2180 etcum
1327 2096 1481 2184 ellectu,
1501 2123 1574 2183 nos
1590 2123 1738 2182 exnunc
1753 2110 1864 2214 prout
1880 2114 2028 2204 extunc,

395 2226 438 2298 et
455 2229 593 2302 extunc
612 2225 726 2330 prout
751 2241 902 2301 exnunc
928 2215 964 2302 in
985 2240 1058 2302 vus
1079 2227 1117 2300 ct
1135 2225 1304 2302 vestrum
1324 2213 1526 2331 quemlibet
1545 2213 1583 2300 in
1603 2215 1800 2330 premissis
1822 2216 1880 2302 uel
1898 2243 2028 2304 eurum

396 2329 524 2448 aliquo
554 2330 766 2447 culpabiles
794 2361 863 2418 seu
890 2330 1132 2448 culpabilem,
1162 2357 1235 2416 neo
1254 2359 1330 2416 non
1352 2331 1565 2446 impedienti
1585 2344 1624 2416 et
1643 2330 1927 2447 impedientibus
1948 2333 2027 2420 dio·
2180 2421 2186 2431 ,

398 2462 476 2534 tum
509 2448 702 2538 dominum
735 2445 968 2566 Episcopum
1006 2447 1065 2533 uel
1101 2461 1386 2562 procuratorem
1416 2475 1524 2537 suum
1554 2448 1591 2532 in
1620 2450 1816 2651 premqssis
1847 2451 1882 2538 in
1904 2452 2029 2568 aliquo

1634 2577 1690 2670 te,
1748 2567 1863 2651 ireote
1883 2569 1943 2652 uel
1974 2572 2029 2656 in·

397 2684 558 2789 directe,
590 2685 726 2804 quouis
752 2684 898 2794 quesite
925 2682 1074 2787 colore,
1113 2684 1383 2800 cuiuscumque
1410 2679 1665 2788 condicionis,
1709 2681 1877 2802 gradus,
1909 2697 2029 2771 stntus
2114 2743 2117 2750 ·

397 2803 459 2890 uel
479 2801 623 2890 ordinis
643 2803 737 2900 sitis,
755 2803 829 2893 sint
848 2801 909 2888 uel
929 2803 993 2893 sit.
1023 2827 1073 2888 ao
1093 2797 1343 2938 singulariter
1353 2802 1389 2886 in
1410 2797 1583 2936 singulus
1604 2813 1642 2886 et
1661 2800 1874 2917 specialiter
1894 2803 1930 2888 in
1948 2800 2027 2888 dic·

397 2935 474 3007 tum
500 2920 653 3010 Petrum
673 2919 827 3024 llletbie,
847 2918 1058 3007 huiusmodi
1079 2947 1264 3007 cunomoa
1285 2920 1494 3005 municione
1514 2919 1711 3035 premissa,
1731 2919 2029 3007 excommunica·

317 3118 320 3125 .
399 3040 537 3141 donis
567 3039 605 3124 in
626 3037 771 3156 capella
791 3067 885 3126 vero
913 3065 1153 3157 quecumque,
1177 3039 1214 3124 in
1234 3037 1305 3154 hijs
1326 3035 1625 3158 delinquentibus
1647 3038 1908 3155 suspensionis
1929 3067 1952 3124 n
1974 3037 2030 3123 di·
2163 3053 2167 3056 ’

399 3157 506 3260 uinis,
522 3169 561 3242 et
576 3155 643 3266 (in)
660 3159 826 3274 ipsorum
848 3157 1146 3274 delinquenoium
1167 3184 1216 3242 ac
1236 3154 1419 3267 dictarum
1440 3153 1526 3242 ville
1549 3159 1641 3242 Orle
1660 3183 1746 3240 cum
1766 3155 1849 3271 alijs
1879 3155 1973 3241 villis
1993 3169 2032 3241 et

399 3275 641 3391 pertinencijs
676 3271 860 3361 ecclesias
880 3273 1058 3378 interdici,
1079 3275 1294 3362 sentencias
1323 3275 1475 3362 terimus
1500 3275 1537 3359 in
1558 3271 1631 3390 hijs
1651 3274 1821 3390 scriptis,
1853 3285 1890 3358 et
1911 3273 2029 3358 eciam

397 3391 695 3510 promulgamus.
718 3391 841 3480 Vobis
853 3421 947 3480 veru
961 3391 1182 3480 reuerendis
1198 3393 1366 3505 patribus
1382 3390 1543 3479 dominis
1565 3390 1809 3478 Crauouiensi
1830 3403 1868 3476 et
1887 3417 2029 3506 pozna-
2064 3461 2068 3472 .

400 3510 520 3596 aiensi
542 3507 752 3628 episcopis,
784 3509 919 3623 quibus
949 3512 1000 3608 ub
1021 3524 1232 3598 vestrarum
1253 3509 1473 3629 dignitatum
1494 3508 1759 3626 pontificalium
1780 3505 2030 3594 reuerentiam

401 3625 644 3714 deserendum
674 3627 848 3717 duximus
874 3640 913 3713 et
940 3627 1089 3718 deterre
1118 3628 1292 3716 volumus
1321 3629 1358 3714 in
1379 3625 1452 3716 bac
1472 3627 1601 3744 perte,
1631 3627 1665 3714 si
1684 3641 1817 3713 contra
1871 3625 2030 3712 remissa

402 3743 460 3830 uel
481 3748 758 3862 premissorum
773 3744 1018 3866 aliquod'per
1037 3775 1109 3834 vos
1128 3746 1189 3836 vel
1210 3745 1419 3834 submissas
1440 3775 1646 3862 personas.
1665 3745 1778 3832 tacite
1792 3656 2031 3857 velexpres·

402 3891 464 3966 se,
497 3861 639 3952 directe
665 3865 725 3977 uel
753 3864 935 3953 indirecte
960 3865 1142 3972 feceritis,
1173 3864 1316 3982 prelata
1343 3891 1413 3952 scx
1442 3863 1585 3950 dierum
1616 3863 1801 3950 canonica
1823 3861 2032 3946 municione
2122 3863 2126 3872 '

402 3981 603 4098 premissa,
634 3985 850 4104 ingressum
868 3983 1032 4070 ecclesie
1063 3983 1317 4071 interdicimus
1343 3985 1378 4068 in
1400 3982 1471 4095 hijs
1494 3982 1655 4096 scriptis.
1717 3977 1758 4063 Si
1789 4005 1882 4065 veru
1904 3975 2031 4062 huius·
2121 3978 2123 3984 ’

400 4095 503 4184 modi
522 4099 757 4186 interdictum
773 4129 843 4216 per
858 4101 952 4186 alius
968 4129 1038 4186 sex
1054 4097 1146 4202 dies,
1157 4102 1237 4212 jam
1259 4098 1382 4185 dictus
1402 4127 1471 4184 sex
1487 4095 1570 4184 dies
1586 4093 1799 4181 immediate
1812 4107 2031 4212 sequentes,

399 4215 659 4318 sustinueritis,
676 4243 760 4324 vos,
778 4215 884 4302 simili
904 4219 1089 4302 canonica
1109 4217 1319 4302 municione
1339 4215 1536 4332 premissa,
1558 4211 1822 4331 suspendimus
1843 4208 2028 4314 adiuinis3

324 4407 330 4414 ,
399 4361 529 4421 verum
548 4334 581 4418 si
602 4333 767 4449 prelatus
784 4330 966 4418 interdicti
982 4347 1019 4418 et
1032 4334 1290 4449 suspensionis
1304 4333 1517 4421 sentencias
1534 4361 1603 4448 per
1622 4331 1718 4418 alius
1740 4359 1808 4416 sex
1830 4329 1924 4434 dies,
1948 4357 2032 4446 pre-

400 4453 499 4539 latos
528 4449 728 4540 duodecim
749 4451 831 4540 dies
857 4448 1068 4539 immediate
1088 4451 1303 4570 sequentes,
1324 4451 1469 4550 animo,
1501 4447 1603 4568 quud
1632 4447 1749 4552 absit,
1781 4446 2028 4535 sustinueritis

403 4566 599 4669 indurato,
630 4598 701 4660 vus
722 4600 872 4658 exnunc
892 4585 1002 4688 prout
1022 4581 1177 4676 extunc,
1198 4582 1235 4657 et
1254 4583 1391 4657 extunc
1412 4583 1523 4685 prout
1543 4595 1702 4675 exnunc,
1724 4563 1824 4652 dictu
1846 4563 2029 4652 canonice
2177 4559 2188 4574 “

352 4716 355 4722 ·
402 4689 615 4776 monmione
634 4689 825 4806 premissa,
846 4687 881 4775 in
903 4689 974 4805 hijs
995 4689 1145 4808 scriptis
1166 4686 1567 4777 excommunicacionis
1584 4684 1777 4773 sentencia
1792 4681 2031 4770 innodamus.

522 4821 648 4873 temeri.
1829 4829 1865 4884 54
