4896 5926
1117 737 1390 816 4130-

331 1027 333 1032 .
440 951 594 1034 Sedtctc
608 939 666 1058 (³)
686 941 882 1062 wlgariter
902 954 1155 1060 nuncupatos,
1185 939 1236 1028 ad
1265 941 1480 1032 Ecclesiam
1509 941 1560 1030 do
1588 949 1810 1058 Papaucltno
1832 949 2071 1065 pertinentes,

440 1093 515 1185 que
541 1062 593 1152 ad
620 1086 835 1149 mensuram
863 1057 991 1147 XXX·
1020 1087 1236 1148 mansorum
1267 1091 1311 1151 se
1337 1060 1559 1168 extendunt,
1589 1077 1627 1150 et
1652 1063 1828 1181 quicquid
1857 1066 1993 1156 ibidem
2019 1070 2071 1158 de

438 1196 539 1270 terra
574 1179 734 1298 amplius
769 1192 858 1298 apta
882 1175 939 1270 ⁴ad
969 1177 1169 1266 colendum
1196 1181 1334 1299 poterit
1362 1181 1538 1299 reperiri,
1575 1181 1657 1274 viro
1687 1181 1852 1270 discreto
1886 1184 2070 1276 larchoni

438 1299 593 1389 contulit
622 1298 673 1385 ad
701 1295 902 1386 locandum
930 1296 1001 1385 sub
1030 1297 1109 1384 iure
1140 1295 1397 1403 theutonioali,
1430 1297 1532 1418 quod
1561 1300 1620 1386 ius
1648 1296 1822 1390 Nouiiori
1847 1303 2067 1420 appellatur.

436 1417 479 1507 ln
509 1443 585 1533 qua
611 1417 809 1505 looaoione
838 1414 989 1503 tradidit
1014 1413 1137 1502 eidem
1165 1415 1365 1525 Jarohoni,
1396 1419 1549 1530 suisque
1575 1419 1756 1534 posteriS,
1785 1432 1824 1506 et
1844 1409 2070 1532 quibuslibet

436 1539 487 1626 ab
507 1539 592 1656 ipso
613 1535 787 1657 legitimis
807 1533 1114 1634 successoribus,
1143 1535 1414 1624 villicacionem
1436 1535 1516 1622 iure
1536 1534 1762 1624 hereditario
1791 1537 1827 1622 in
1847 1555 2067 1657 perpetuum

435 1651 720 1774 possidendam.
763 1651 858 1766 Qui,
880 1653 959 1738 iure
980 1667 1017 1738 ot
1062 1653 1265 1768 roprietate
1285 1651 1538 1759 villicacionis,
1559 1653 1711 1740 babebit
1730 1670 1876 1742 sextum
1898 1687 2067 1746 mansum

435 1775 591 1864 liberum
614 1769 663 1860 de
683 1784 762 1858 tota
781 1771 994 1876 locucione,
1022 1681 1227 1858 dbiudioio
1249 1771 1402 1857 tercium
1422 1769 1629 1878 denarium,
1656 1769 1919 1876 molendinum,
1945 1769 2067 1863 taber·

435 1921 543 1998 nam,
572 1919 685 1978 uuunr
715 1887 911 1975 macellum
941 1885 1157 1977 carnificum
1186 1903 1223 1974 et
1251 1887 1412 1974 bancurn
1443 1890 1634 2006 pistorum.
1687 1887 1777 2002 Que
1806 1893 1931 1978 omnia
1959 1911 2068 1982 eruut

166 2054 204 2116 η,
303 2099 317 2132 ,
434 2009 552 2098 libera
581 1988 796 2126 aqualibet'
816 2005 1023 2094 solucione.
1066 2001 1299 2092 blellihcium
1328 2034 1480 2124 quoque
1506 2007 1600 2094 inter
1627 2007 1855 2126 giracionom
1877 2010 1948 2096 sibi
1968 2013 2065 2100 assi-

434 2141 601 2249 gnatam,
623 2139 822 2243 postquam
843 2121 995 2210 libertas
1015 2121 1101 2212 ville
1121 2125 1358 2232 expirauerit,
1380 2127 1505 2220 eciam¹
1519 2123 1663 2210 villicus
1683 2123 1871 2212 obtinebit.
1917 2125 2064 2218 Omnes

434 2257 578 2348 autem,
610 2244 672 2360 qui
698 2271 766 2360 per
793 2240 1023 2329 larobonem
1049 2243 1346 2358 prenominatum
1378 2241 1428 2327 ad
1457 2249 1694 2328 Dombrouos
1725 2255 1763 2326 et
1783 2272 1938 2330 nemora
1958 2247 2065 2334 inco·

434 2361 548 2450 lenda
578 2360 777 2449 conuocati
802 2360 955 2466 luerint,
986 2387 1010 2445 a
1036 2355 1230 2448 solucione
1257 2387 1396 2448 census
1424 2361 1519 2446 inira
1545 2357 1681 2446 Xllll⁰¹
1700 2387 1843 2465 annos,
1872 2360 2064 2452 adeoima
2132 2371 2136 2380 ’

434 2509 528 2569 vero
558 2480 653 2566 inira
681 2475 728 2564 X.
759 2506 898 2581 annos,
934 2475 1125 2564 habebunt
1155 2475 1373 2566 libertatern.
1427 2476 1577 2592 Quibus
1606 2477 1785 2581 euolutis,
1822 2477 1871 2564 de
1901 2481 2064 2597 quolibet

431 2626 566 2686 manso
586 2597 768 2684 fertonem
789 2596 938 2713 argenti
959 2609 1107 2681 monete
1127 2596 1163 2681 in
1186 2605 1285 2684 terra
1306 2597 1500 2700 currentis,
1520 2607 1558 2683 et
1573 2597 1813 2684 mensuratim
1830 2622 1900 2711 pro
1916 2597 2062 2686 decima

432 2714 529 2802 duas
550 2742 749 2802 mensuras
767 2713 886 2817 tritici,
906 2711 1005 2800 llll⁰'
1020 2742 1218 2802 mensuras
1235 2713 1404 2832 saliginis
1421 2713 1516 2826 (sic),
1536 2711 1603 2806 Vl.
1620 2742 1820 2801 mensuras
1835 2743 1966 2820 avene,
1988 2716 2061 2802 sin-

463 2833 533 2920 ulis
553 2833 661 2920 annis
682 2829 833 2919 domino
855 2861 936 2930 suo,
963 2828 1120 2918 Rectori
1140 2829 1315 2919 Ecclesia
1336 2829 1384 2920 de
1404 2837 1637 2944 Popenolmo,
1659 2829 1809 2918 soluere
1830 2829 2061 2920 tenebuntur.

430 2863 476 3038 bi
496 2965 619 3038 autem
640 2947 895 3052 homicidium,
928 2945 988 3036 uel
1008 2948 1160 3036 alterius
1181 2951 1448 3067 cuiuscumque
1469 2950 1523 3036 nei
1545 2977 1720 3055 causam,
1752 2951 1847 3036 intra
1867 2947 2058 3039 limitacio·

432 3097 518 3156 nem
547 3065 742 3185 prehabito
762 3063 885 3152 villico
916 3067 1167 3185 assignatam,
1198 3067 1398 3186 contigerit
1425 3067 1596 3174 euenire;
1626 3097 1702 3155 non
1732 3065 1839 3172 alibi,
1869 3097 1981 3186 quam
2010 3067 2061 3156 ad

432 3185 555 3274 villam
576 3175 710 3289 suam,¹
732 3182 907 3270 iudiciuin
928 3213 1044 3271 cause
1066 3197 1125 3272 est
1145 3181 1377 3273 trahendum.
1430 3183 1612 3290 Preterea
1634 3186 1667 3273 si
1688 3183 1831 3273 villicus
1852 3199 1917 3272 eut
1937 3186 2059 3274 villani

430 3305 529 3394 citati
557 3303 693 3392 luerint
721 3315 827 3388 exba
855 3299 1030 3406 iudicium
1060 3302 1300 3392 villicacionis
1330 3305 1457 3423 sepius
1487 3315 1713 3407 memorate,
1745 3301 1795 3389 ad
1822 3305 2058 3420 presenciam

429 3419 568 3510 domini
587 3421 665 3528 sui,
695 3448 770 3507 non
790 3417 894 3508 ibunt
913 3417 963 3508 ad
988 3417 1225 3508 iudicandum
1256 3433 1363 3508 extra
1392 3421 1570 3512 terminos
1599 3435 1699 3510 terre
1727 3418 1967 3538 Syraziensis
2015 3421 2060 3510 ln

430 3537 603 3630 omnibus
623 3549 746 3624 autom
767 3535 850 3627 aliis
871 3531 1136 3646 solucionibuS,
1157 3537 1216 3628 uel
1239 3539 1431 3660 obsequiis
1452 3537 1640 3628 ordinarie
1661 3536 1898 3647 exhibendis,
1926 3543 2059 3628 s‘eoun·

428 3657 517 3744 dum
544 3653 776 3744 looaoionem
803 3655 992 3762 villarum,
1023 3689 1096 3776 que
1117 3659 1195 3748 iure
1224 3655 1465 3750 Nouilorensi
1485 3673 1682 3778 reguntur,
1713 3655 1856 3746 villicus
1877 3671 1914 3745 et
1934 3655 2058 3745 villani

427 3803 500 3864 sua
518 3775 600 3862 iura
620 3787 780 3881 teneant,
805 3787 842 3862 et
861 3773 948 3864 nulli
969 3773 1204 3896 aliquatenus
1225 3775 1386 3864 subesse
1406 3773 1608 3881 debebunt,
1628 3773 1841 3894 gaudentes
1861 3775 2059 3894 priuilegio

427 3891 696 3982 Ecclesiastico
722 3888 921 4002 libertatis,
953 3923 1064 4012 quam
1086 3923 1157 3982 suo
1179 3892 1349 4000 domiuo,
1378 3893 1543 4010 plebano
1560 3891 1733 3983 videlicet
1753 3891 1801 3981 de
1821 3899 2056 4008 Popcuoluo.

427 4009 478 4100 Ut
512 4011 583 4100 heo
619 4011 742 4100 omnia
777 4009 894 4099 robur
929 4023 1081 4100 teneant
1115 4027 1296 4131 perpetue
1331 4009 1529 4118 firmitatis,
1566 4025 1603 4099 et
1637 4013 1675 4099 in
1709 4027 1903 4130 posterum
1936 4011 2055 4098 nulla-

426 4147 534 4220 tenus
554 4129 604 4219 ab
624 4129 750 4252 aliquo
771 4128 921 4218 valeant
951 4131 1182 4250 impugnari,
1211 4143 1421 4248 presentem
1444 4131 1622 4250 paginam
1645 4143 1792 4236 nostro,
1823 4127 2056 4248 predictique

425 4247 563 4337 donnini
590 4246 787 4336 llllchaelis
816 4248 934 4336 nostri
965 4246 1207 4354 Cancellarii,
1240 4247 1371 4369 sigillis
1400 4245 1554 4365 dignum
1585 4245 1758 4334 duximus
1788 4243 2053 4335 roborandam.

426 4365 523 4452 Acta
543 4381 629 4454 sunt
649 4365 720 4454 heo
740 4368 777 4454 in
797 4373 1019 4454 Brcsnicbio
1032 4363 1097 4478 (⁴),
1117 4396 1217 4456 anno
1239 4365 1376 4454 domini
1397 4365 1455 4452 Μ0
1477 4366 1560 4455 CC⁰
1579 4363 1778 4454 LXXXX⁰
1792 4364 1856 4450 Vt
1889 4363 2053 4452 Presen·

526 4612 566 4696 (ν)
594 4613 680 4682 nuno
702 4609 832 4684 masao
852 4615 918 4681 ntra
940 4617 1059 4702 publica
1075 4617 1244 4702 pmvrnou
1266 4615 1471 4696 octimensis,
1492 4573 1633 4700 aaron
1656 4614 1900 4690 comminus,
1922 4612 2054 4706 regum

423 4697 664 4773 ltadomscensis,
679 4697 839 4783 parochiae
851 4699 1046 4785 Pojecenonoi
1062 4700 1186 4766 addicto.

421 4781 564 4936 mgb
590 4781 779 4864 BHM,
799 4783 943 4872 oppidum
955 4785 1129 4875 provinciae
1143 4784 1347 4862 Golissiensis,
1361 4784 1503 4854 territorii
1518 4783 1761 4864 Potrioorienris,
1774 4781 1906 4922 regionis
1920 4777 2052 4846 hadom·
