4878 5942
1071 713 1344 788 ..a-25..

395 947 476 1004 rum
498 933 710 1004 nostrorum
731 915 950 1003 dilectomm
972 916 1063 1028 (sic),
1086 945 1245 1035 quorum
1266 916 1428 1032 vestigia
1449 914 1657 1026 sequimur,
1687 945 1760 1004 neo
1788 945 1864 1006 non
1894 917 1944 1006 ob
1964 949 2021 1006 re·

395 1035 555 1123 medium
596 1035 780 1123 dictorum
815 1032 1129 1151 predecessorum
1164 1049 1377 1124 nostrorum
1414 1037 1620 1122 animarum
1658 1049 1696 1121 et
1729 1037 1852 1124 anime
1893 1053 2023 1128 nostre
2157 1079 2159 1088 ·

395 1156 569 1257 salutem,
600 1157 795 1270 presertim
817 1153 937 1238 zelum
959 1183 1006 1238 ac
1027 1152 1274 1241 devocionem
1296 1154 1537 1270 spiritualium
1559 1151 1639 1256 (sic)
1661 1149 1739 1264 (¹³)
1761 1154 1943 1244 habentes
1971 1157 2021 1244 ad

395 1274 589 1390 predictos
618 1272 784 1372 nobiles,
815 1270 914 1357 diota
946 1271 1142 1388 priuilegia
1169 1301 1286 1386 super
1315 1270 1474 1358 eandem
1503 1271 1626 1362 villam
1648 1273 1827 1360 Sluzewo
1848 1273 1931 1385 (sic)
1953 1303 2021 1362 no·

395 1407 512 1479 strum
542 1423 612 1510 per
637 1390 933 1508 protonotarium
964 1389 1163 1509 diligenter
1191 1389 1341 1493 audita,
1372 1390 1508 1478 dilecta
1536 1391 1618 1502 (sio)
1639 1389 1732 1503 (Μ),
1764 1391 1813 1479 de
1834 1391 1951 1480 verbo
1971 1393 2020 1481 ad

395 1503 571 1614 uerbum,
603 1511 652 1596 de
673 1510 846 1598 diceione
867 1509 903 1594 in
925 1507 1155 1614 diceionem,
1186 1509 1236 1594 de
1257 1507 1435 1596 oracione
1456 1511 1492 1596 in
1514 1511 1728 1598 oracionem
1759 1513 2020 1627 percipientes,

395 1631 478 1747 ipsa
500 1630 794 1715 examinauimus
816 1623 912 1737 (¹⁵);
943 1628 978 1713 in
1012 1625 1147 1746 quibus
1177 1625 1337 1715 vidimus
1368 1628 1478 1715 nichil
1509 1629 1654 1744 penitus
1684 1628 1794 1716 nobis
1816 1644 1852 1716 et
1872 1628 2021 1718 ducatui

394 1763 525 1834 nostro
547 1747 747 1864 derogari,
778 1746 847 1832 sed
871 1761 993 1832 tamen
1016 1745 1115 1832 omni
1136 1747 1351 1863 suspicione
1372 1747 1568 1852 carencia,
1600 1777 1757 1863 quorum
1781 1747 1928 1866 quidem
1952 1747 2022 1866 pri-

396 1865 616 1985 uilegiorum
639 1882 749 1952 tenor
769 1863 976 1951 dinoscitur
997 1864 1081 1952 talis
1103 1895 1189 1950 esse
1212 1867 1224 1971 (
1237 1859 1307 1976 ¹⁰):
1387 1903 1389 1908 ·
1522 1959 1526 1966 ,
2077 1955 2085 1968 ,

495 1984 537 2070 ln
570 1984 720 2070 nomine
751 1981 888 2068 domini
924 2013 1045 2069 amen.
1098 1981 1291 2073 Annorum
1324 1998 1393 2070 etc.
1444 1987 1637 2096 (Sequitur
1664 1989 1898 2097 prrio'lepritm
1933 1993 2026 2070 anni

397 2107 503 2189 1245.
534 2101 625 2209 Vid.¹
652 2099 718 2188 Nr.
748 2097 896 2190 XXXll
927 2133 962 2220 p.
988 2109 1043 2190 50
1073 2099 1180 2188 Tomi
1202 2101 1229 2188 l.
1252 2101 1287 2188 h.
1308 2101 1379 2212 C.).

496 2219 540 2309 ln
561 2219 731 2308 secundo
753 2221 767 2333 (
775 2217 827 2333 17)
850 2221 1046 2341 priuilegio
1067 2220 1122 2308 sio
1135 2219 1411 2308 continebatur:

495 2337 536 2426 ln
559 2339 708 2426 nomine
729 2338 886 2443 domini,
907 2371 1028 2428 amen.
1062 2335 1146 2426 Nos
1163 2336 1363 2427 Cunradus
1379 2356 1449 2429 eto.
1469 2344 1665 2454 (Sequatur
1677 2347 1914 2456 priuileprirm
1934 2348 2027 2428 enni

147 2427 151 2438 ι
254 2508 258 2520 -
396 2455 601 2548 tattvtd.
622 2454 689 2544 Nr.
710 2455 932 2574 XXVlllp.
954 2465 1006 2544 25
1026 2457 1137 2572 hujus
1158 2455 1290 2554 Tomi).
1375 2463 1379 2472 “
1522 2537 1528 2548 ,

495 2571 677 2662 Preterea
699 2574 801 2674 licet,
834 2591 873 2664 ut
895 2576 995 2662 dicta
1016 2573 1102 2660 villa
1123 2573 1326 2662 Sluszewo
1347 2573 1491 2692 gaudet
1511 2575 1732 2686 (sic)eadem
1754 2577 1924 2664 libertate
1947 2573 2021 2690 (¹⁸)

377 2691 534 2796 ducali,
556 2718 630 2804 qua
652 2693 724 2779 elie
745 2693 830 2780 ville
850 2692 1039 2812 gaudent3
1060 2689 1319 2779 nichilominus
1340 2706 1464 2779 tamen
1485 2691 1534 2778 ad
1557 2693 1734 2780 maiorem
1757 2694 1951 2798 cautelam,
1973 2694 2022 2780 ab

396 2811 568 2899 omnibus
588 2812 845 2930 preangarijS,
876 2836 1115 2930 quocumque
1143 2811 1292 2897 nomine
1322 2826 1525 2898 censentur
1544 2806 1630 2914 (¹⁹),
1660 2811 1798 2898 dictam
1830 2812 1951 2898 villam
1979 2813 2021 2898 li-

394 2929 594 3033 beramus,
624 2930 674 3018 ita
694 2945 836 3036 tamen,
873 2929 1183 3048 quodprzewotl
1202 2930 1429 3016 rusticanum
1452 2957 1525 3016 non
1548 2927 1704 3035 ducant,
1736 2932 1819 3016 cani
1841 2929 2021 3018 ductores
2082 2969 2099 3033 ,a
2127 3035 2137 3042 ι

291 3050 296 3062 ¹
394 3047 580 3136 lalconem
601 3048 680 3160 (sic)
701 3043 789 3159 (2⁰),
811 3047 1080 3152 ministeriales,
1103 3045 1282 3134 olliciales
1304 3047 1463 3153 eandem
1485 3057 1497 3152 (
1505 3044 1558 3142 21)
1580 3077 1655 3134 non
1678 3049 1873 3148 intrabunt,
1897 3065 2022 3166 preter

394 3167 476 3286 alijs
488 3165 570 3279 (sic)
575 3167 722 3286 juribus
739 3163 1058 3271 theutunicalibus,
1076 3191 1173 3278 quos
1189 3159 1348 3266 (sintfflt
1358 3195 1427 3282 pro
1445 3166 1555 3254 nobis
1572 3197 1823 3268 reseruemus,
1840 3167 1900 3283 alij
1918 3167 2017 3254 multi

395 3283 571 3374 libertatis
591 3287 735 3372 articuli
756 3279 835 3389 (²³),
857 3286 944 3373 dum
968 3315 1083 3403 super
1103 3311 1171 3370 eos
1193 3285 1271 3392 (sio)
1291 3283 1428 3396 aliquid
1455 3283 1702 3371 dubitacionis
1724 3285 1877 3372 forsitan
1900 3316 2021 3372 emer-

395 3406 497 3504 serit,
518 3435 563 3490 ex
585 3405 790 3524 priuilegijs
806 3405 967 3523 antiquis
983 3405 1088 3506 loeo,
1109 3418 1277 3518 tempore
1298 3405 1450 3521 apertis,
1467 3405 1631 3491 ostensis
1653 3402 1798 3520 plenius
1819 3398 1888 3503 (²⁴)
1909 3403 2021 3520 lique·

396 3521 496 3609 bunt.
537 3521 580 3610 ln
606 3525 714 3610 ouius
735 3525 787 3609 rei
819 3525 1078 3640 testimonium,
1100 3521 1260 3640 sigillum
1282 3539 1450 3610 nostrum
1473 3521 1642 3639 predicte
1664 3521 1944 3610 oonlirmacioni
1965 3537 2023 3609 est

399 3991 437 4002 μ
498 3908 556 4038 ((ἰ)
585 3909 684 3976 zelum
699 3907 941 3986 etdeuocionem
955 3907 1173 4010 ⁸P9⁰l⁸¹⁰¹3¹lbl
1187 3909 1231 3993 le).
1312 3993 1317 4006 Ι

513 3996 557 4120 15)
582 4003 717 4094 nostrum
733 4011 788 4082 per
798 3995 1060 4094 prothonotpnum
1075 3995 1234 4082 diligenter
1248 3993 1352 4113 uudrta
1363 4001 1393 4060 at
1407 3991 1482 4060 lecta
1496 3993 1537 4078 (b)
1552 3993 1585 4078 le)
1600 3992 1639 4078 ld)
1654 3993 1702 4076 (ε)

459 4149 463 4162 ·
513 4077 1245 4264 10tttttttttlt?ttttlttltlltlln.
1360 4195 1364 4204 ι

513 4250 539 4376 ll
581 4247 845 4398 rseppspeoplpmprnp
858 4247 986 4398 palliat
998 4328 1189 4415 libertotcsslb)
1204 4327 1239 4414 (c)
1250 4329 1297 4413 ld).

507 4417 556 4588 1ιέ)
573 4353 922 4592 ἕνθὲᾆᾜᾞὲείξίὲὲἓῗίυιῗ(
932 4414 994 4566 liin
1009 4453 1135 4578 ducant,
1157 4457 1379 4575 caniduotoros,
1401 4495 1565 4582 ffoloonarij
1576 4493 1615 4582 (b)
1629 4497 1665 4582 lo)
1680 4495 1729 4581 (d).

393 4651 396 4660 ,
510 4589 539 4630 ²¹
574 4585 713 4670 ,modom
728 4583 826 4653 sillam
838 4583 879 4736 [lep
892 4583 926 4670 (cl
940 4583 988 4674 (d).

509 4595 556 4801 gi
581 4669 869 4844 fflissffleliilli
880 4669 1026 4822 illelitetis
1040 4751 1171 4834 articuli,
1185 4751 1257 4820 dum
1272 4773 1364 4840 super
1379 4713 1474 4838 eislb)
1489 4748 1525 4838 (ο)
1537 4750 1588 4838 (ἀ).

510 4765 557 4925 “l
584 4841 651 4908 loeo
666 4849 698 4908 ot
710 4849 848 4928 tempore
863 4839 973 4927 apertis
987 4846 1018 4906 ot
1031 4837 1160 4906 ostensis
1173 4837 1292 4926 plonius
1306 4837 1346 4924 lb)
1361 4837 1397 4924 (c)
1413 4837 1460 4924 (e).
1555 4941 1557 4946 Ι
