4876 5940
1133 712 1405 788 -218-

1127 1006 1402 1130 ccxxxttt
1539 1047 1542 1054 ·
1596 1045 1599 1056 ·
1700 997 1703 1007 ‘

607 1249 883 1346 Stretnoe,
909 1265 1064 1334 ummo
1090 1243 1244 1356 1820
1270 1245 1364 1331 dte
1388 1244 1428 1330 o
1454 1243 1654 1328 moneto
1686 1244 1909 1348 namtas.

450 1449 678 1526 nicolaus
692 1447 897 1537 Praepositur
911 1441 1439 1520 monmterti‘t’romonstratmstum
1455 1445 1656 1534 ttretneosts,
1668 1403 1816 1521 ¹danistae
1839 1401 2082 1536 uentorum

453 1551 627 1668 bremond
656 1552 875 1646 permittente,
906 1550 1001 1626 uuor
1021 1551 1125 1638 Bycen
1147 1552 1182 1623 ot
1205 1550 1355 1739 {peppo
1382 1547 1539 1624 canuto
1559 1547 1713 1638 tptsoopo
1735 1547 2085 1672 vtcttrtartmrtm.

556 1847 599 1934 ln
627 1845 778 1944 nomine
809 1842 967 1948 domini,
998 1871 1120 1930 amen.
1184 1841 1381 1960 Corporee
1410 1841 1521 1930 molis
1545 1842 1688 1934 lubrica
1718 1842 1892 1932 condicio
1923 1844 1974 1930 ita
2003 1843 2083 1960 pie·

454 1993 612 2084 rumque
633 1979 777 2052 mentes
798 1989 1012 2078 sensusque
1032 1960 1240 2078 mortalium
1261 1960 1453 2050 obnubilat
1473 1977 1510 2050 et
1530 1961 1718 2068 obfuscat,
1748 1977 1799 2068 ut,
1820 1963 1891 2050 nisi
1911 1990 1978 2064 ea,
2010 1991 2084 2080 que

455 2096 620 2203 aguntur
649 2077 1069 2182 testiumadminicub,
1102 2079 1163 2168 vet
1191 2080 1377 2197 scripture
1397 2080 1607 2172 testimonio
1629 2079 1761 2188 suerint
1782 2079 1960 2190 memorie
1981 2107 2085 2166 com·
2142 2177 2149 2186 ,

457 2198 653 2304 mendata,
685 2201 722 2286 io
750 2197 947 2286 obliuionis
972 2195 1191 2284 'omnimode
1211 2197 1450 2314 precipicium
1473 2196 1692 2288 dilabantur.
1743 2196 1948 2304 dedecet,
1981 2193 2086 2316 quod

337 2319 345 2332 '
455 2350 528 2408 nos
554 2313 756 2420 Nicolaus,
786 2313 847 2410 dei
877 2314 1124 2403 miseracione
1153 2315 1368 2432 prepositus
1407 2345 1480 2404 una
1510 2345 1594 2402 cum
1630 2315 1807 2406 iratribus
1842 2316 2003 2424 nostris,
2050 2329 2087 2403 et

458 2435 681 2553 Walpurgis
716 2434 914 2551 priorissa,
946 2461 995 2520 ac
1029 2444 1145 2520 totum
1167 2433 1366 2552 collegium
1404 2461 1471 2520 seu
1508 2450 1717 2521 conuentus
1753 2433 2086 2536 sanctimonialium

457 2553 673 2668 monasterii
703 2557 934 2650 ructuasse,
958 2551 1314 2668 premonstratensis
1345 2549 1505 2654 ordinis,
1538 2550 1868 2642 Wiedislauiensis
1897 2551 2087 2666 dyocesis,

458 2673 671 2790 cupientes,
701 2685 741 2756 ut
760 2670 813 2756 rei
829 2684 939 2789 geste
955 2667 1070 2786 piena
1102 2682 1141 2755 et
1168 2667 1586 2758 indubitatamemoria
1614 2698 1660 2756 ac
1692 2661 1826 2758 noticia
1863 2667 1963 2788 apud
1998 2696 2086 2785 pre-

456 2804 585 2882 sentes
616 2802 652 2876 et
681 2801 858 2906 posteros
887 2786 1080 2890 habeatur,
1143 2799 1270 2874 notum
1299 2786 1454 2874 iacimus
1481 2789 1685 2892 uniuersiS,
1715 2787 1873 2907 presens
1908 2786 2088 2904 scriptum

457 2907 693 3024 inspecturis:
710 2903 813 3024 quod
834 2904 933 3010 dum,
954 2904 1121 3022 peccatis
1142 2905 1395 3024 exigentibus,
1418 2905 1520 2994 buna
1541 2904 1708 2992 eiusdem
1730 2903 1945 3021 monasterii
1961 2901 2089 3024 nostri,

459 3054 508 3117 ac
543 3026 662 3141 ipsum
696 3024 962 3114 monasterium
992 3036 1028 3107 et
1056 3020 1234 3124 eeclesia,
1266 3036 1341 3110 tum
1363 3053 1431 3140 per
1452 3053 1612 3146 guerras
1634 3021 1815 3130 diutinas,
1847 3037 1923 3112 tum
1944 3052 2013 3141 per
2034 3021 2089 3108 in·

458 3171 593 3232 cursus
620 3143 802 3229 maiorum
829 3141 1035 3242 bominum,
1067 3167 1114 3225 ac
1145 3141 1263 3228 eciam
1293 3137 1485 3257 quoddam
1515 3140 1726 3230 incendium
1748 3140 1914 3245 casuale,
1937 3139 1988 3228 ad
2008 3155 2089 3228 tan·

459 3274 535 3374 tam
556 3257 839 3349 desolacionem
860 3256 1116 3364 deuenissent,
1149 3271 1186 3344 et
1215 3259 1327 3362 tantis
1348 3274 1478 3348 essent
1498 3258 1630 3348 debitis
1651 3276 1825 3366 onerata,
1858 3258 1978 3378 quod,
1999 3255 2089 3348 abs,-

459 3409 534 3496 que
554 3379 788 3468 alienacione
808 3376 1017 3496 aliquorum
1037 3373 1223 3464 bonorum
1244 3376 1482 3486 immobilium
1504 3377 1667 3466 ecclesie
1690 3377 1876 3480 eiusdem,
1906 3407 1981 3464 oon
2002 3403 2091 3492 pos·

460 3511 545 3584 sent
574 3497 612 3583 in
647 3509 783 3587 statum
820 3493 984 3582 debitum
1018 3493 1233 3602 reformari,
1279 3493 1341 3608 ad
1359 3495 1672 3586 reformacionem
1698 3496 1868 3615 ipsorum
1894 3491 2092 3588 intendere

460 3613 630 3730 cepimus
650 3613 751 3700 iuxta
771 3641 899 3731 posse.
923 3679 926 3688 .
950 3609 1230 3703 Conuenientes
1251 3612 1364 3731 igitur
1385 3613 1421 3700 in
1443 3644 1571 3719 unum,
1600 3641 1677 3702 non
1697 3613 1815 3702 semel
1846 3611 1916 3700 sed
1949 3611 2091 3729 pluries

461 3727 512 3817 de
533 3727 608 3817 hoc
626 3744 823 3818 tractatum
845 3727 1008 3817 debitum
1029 3727 1227 3818 babuimus
1249 3745 1287 3818 et
1306 3729 1562 3850 sollempnem.
1578 3810 1595 3832 „
1623 3729 1793 3820 Tandem
1814 3759 1907 3822 vero
1935 3729 2091 3824 meliora

461 3848 751 3965 prospicientes,
784 3862 821 3934 et
851 3877 927 3934 non
958 3845 1170 3934 dubitantes
1199 3875 1269 3962 per
1297 3847 1370 3934 boc
1399 3849 1516 3937 nostri
1545 3850 1779 3967 monasterij,
1818 3879 1887 3938 seu
1917 3847 2091 3954 ecclesie,

465 3965 540 4053 deo
568 3965 749 4082 propicio,
779 3963 1040 4052 condicionem
1070 3965 1197 4052 iacere
1214 3962 1421 4070 meliorem,
1453 3967 1489 4053 in
1509 3964 1584 4054 boc
1604 3979 1734 4054 nostra
1755 3964 1898 4056 resedit
1918 3967 2091 4072 intencio,

378 4166 384 4181 ,
463 4081 567 4204 quod
587 4081 827 4188 hereditates,
849 4081 957 4170 vitias
979 4113 1047 4170 seu
1060 4083 1330 4200 possessiones
1351 4082 1519 4172 eiusdem
1542 4086 1756 4204 monasteri]
1779 4098 1817 4172 et
1837 4083 2000 4174 ecclesie
2020 4111 2090 4172 no·

464 4215 564 4305 stre,
594 4231 668 4319 que
695 4207 853 4316 Byttom
883 4215 919 4288 et
945 4204 1115 4287 Strorou
1138 4199 1330 4320 wigariter
1350 4217 1629 4321 nuncupantur,
1660 4203 1827 4292 iacentes
1856 4203 1893 4290 in
1922 4200 2091 4290 districtu

463 4315 789 4436 Radzcyouiensi,
821 4347 953 4406 omnes
984 4317 1145 4406 unanimi
1175 4318 1385 4426 voluntate,
1417 4320 1573 4409 consilio
1604 4333 1642 4410 et
1662 4349 1863 4410 consensu:
1885 4318 2092 4409 accedente
2210 4353 2215 4364 ¹

464 4433 515 4522 ad
534 4433 609 4526 boe
638 4435 863 4527 venerabilis
892 4435 1008 4554 patris
1038 4433 1177 4524 domini
1206 4435 1374 4556 danislay
1402 4435 1679 4558 archiepiscopi
1709 4437 1986 4561 gnezdnensis,
2017 4465 2090 4556 gu·

569 4753 610 4836 (¹)
639 4728 685 4818 lix
700 4752 863 4840 archetypo
877 4752 1110 4822 membranaceo
1125 4751 1264 4820 tabidarii
1279 4755 1399 4841 capituli
1414 4755 1681 4823 Wtadisiarieosis.
1705 4755 1776 4822 Duo
1791 4752 1887 4840 sigilla
1898 4767 2032 4840 appenso
2046 4749 2094 4818 fu·

469 4837 576 4908 niudis
587 4837 691 4906 sericis
705 4836 816 4903 eoloris
830 4837 899 4902 ilari
914 4845 945 4902 et
958 4835 1057 4916 rubri,
1078 4837 1169 4906 ambo
1183 4838 1343 4908 destructa
