4878 5942
1144 661 1193 756 ’-
1245 701 1321 778 nur
1375 740 1420 760 -

235 963 239 971 -
312 1020 315 1028 Ι
482 923 540 998 tes
559 908 691 1002 fuerim
709 921 773 996 aut
791 906 954 1014 remissi,
983 918 1121 996 extunc
1139 905 1274 996 liuitum
1292 907 1343 996 'sit
1362 903 1551 1022 Magistro
1580 920 1617 996 et
1636 907 1869 1025 pruuuraturi
1888 904 2085 997 urdinisin

479 1025 788 1144 Romenafluria
816 1025 970 1116 easdem
992 1011 1117 1115 literas
1136 1025 1378 1144 Apostolieas
1399 1021 1700 1116 confirmacionis
1716 1022 1931 1130 concordie,
1951 1041 1992 1114 ut
2006 1055 2087 1144 pre-

478 1146 646 1251 mittitur,
675 1146 754 1236 suis
774 1146 951 1263 expensis
979 1161 1017 1234 et
1037 1145 1244 1264 sumptibus
1273 1145 1470 1264 inpetrare.
1511 1141 1560 1234 Et
1589 1145 1829 1266 quantumin
1858 1141 2088 1262 impetrandis

479 1265 593 1356 literis
611 1263 824 1368 huiusmodi
843 1263 1066 1386 Magistrum
1097 1277 1134 1352 et
1153 1279 1434 1382 procuratorem
1455 1294 1562 1352 suum
1584 1262 1798 1384 expendere
1817 1261 1977 1354 fideliter
1992 1293 2086 1353 uun·

478 1387 609 1506 tinget,
631 1397 770 1472 tautum
792 1383 841 1470 de
862 1381 969 1472 dietis
990 1382 1122 1470 decenn
1143 1383 1286 1471 milibus
1307 1381 1533 1474 florenorum
1554 1393 1804 1501 compensare
1823 1381 2011 1502 Magistro
2031 1397 2088 1470 te-

478 1503 666 1608 nebimur,
687 1505 843 1620 prestito
865 1533 979 1622 super
999 1501 1209 1592 huiusmodi
1239 1503 1414 1621 expensis
1434 1532 1503 1620 per
1522 1517 1803 1622 procuratorem
1824 1503 1988 1594 suumin
2008 1503 2087 1590 ani·

477 1652 577 1712 mam
602 1621 777 1740 Magistri
798 1622 986 1742 eurpnrati
1015 1623 1182 1742 primitus
1201 1623 1419 1710 iuramento.
1450 1619 1657 1711 Residuaru
1687 1651 1837 1741 qunque
1855 1634 1998 1738 purtem
2019 1649 2085 1710 uu·

478 1738 635 1830 rundern
657 1741 787 1828 decem
809 1741 942 1831 mitium
964 1739 1201 1847 florenorum,
1221 1740 1303 1858 ipse
1322 1739 1364 1827 M
1420 1741 1530 1846 ister,
1550 1755 1748 1860 postquam
1770 1739 1839 1830 sibi
1859 1738 1907 1828 de
1927 1741 2085 1858 inpetra-

477 1861 588 1950 uione
608 1857 910 1948 confirmacionis
931 1861 1152 1960 eonstiterit,
1182 1860 1274 1946 inira
1296 1769 1530 1978 quiddenam,
1551 1872 1590 1946 ut
1609 1859 1836 1976 premittitur,
1856 1859 1963 1952 uubis
1984 1874 2085 1948 teue-

478 1978 576 2100 bitur
596 2007 643 2066 ex
663 1979 812 2100 integro
833 1993 1054 2097 presentare
1066 2027 1119 2041 -
1131 1977 1192 2065 De
1212 1978 1328 2065 literis
1348 2007 1440 2067 veru
1461 1977 1692 2096 Apostuiiuis
1707 2007 1822 2098 super
1842 1975 1974 2068 eadem
1994 2005 2088 2066 eun·

444 2125 447 2134 ·
479 2097 611 2189 cordia
636 2097 746 2186 nubis
774 2095 960 2215 Magister
991 2093 1104 2184 fidem
1131 2097 1243 2185 faciet
1270 2094 1382 2185 fidem
1424 2097 1506 2210 (sie)
1541 2098 1621 2184 siue
1655 2125 1772 2186 mura.
1830 2096 1872 2184 ln
1909 2095 2015 2184 euius
2034 2096 2089 2182 rei

338 2227 341 2236 '
479 2217 939 2334 testimonium‚presentes
948 2214 1329 2336 nostruinsigniotsiu)
1338 2214 1510 2303 iussimus
1521 2216 1746 2304 uumrnuniri.
1759 2215 2017 2322 autumnate,
2030 2212 2090 2304 die

316 2363 319 2368 ·
478 2333 673 2424 beatorum
694 2333 901 2451 Martyrum
934 2333 1081 2451 Kyiiani
1103 2349 1141 2423 et
1161 2365 1241 2424 erus
1261 2335 1463 2442 sociorum,
1494 2334 1604 2454 Anno
1626 2333 1763 2425 domini
1783 2333 1840 2422 M⁰
1861 2333 1983 2422 CCC⁰
2001 2331 2087 2422 XL'

480 2453 609 2541 ternio.

1151 2769 1426 2948 uunmru.

596 3008 918 3109 metue,
946 3026 1103 3096 mnu
1126 3005 1276 3096 1³4³
1300 3011 1394 3098 dte
1419 3011 1488 3097 15
1513 3010 1713 3099 meum
1738 3011 1976 3120 Aunmtt.

311 3264 315 3280 ‹
480 3227 750 3304 casimirus
765 3227 1030 3306 tirtrvmrtmutr
1050 3233 1085 3304 et
1105 3231 1412 3308 wladislaus
1425 3233 1634 3310 tmetrtmrir
1653 3238 1750 3326 etune
1764 3229 2089 3322 tutrtnmduttuuet,

592 3329 711 3406 trudent
725 3329 807 3406 iuter
819 3330 999 3414 Muimtrtm
1012 3331 1128 3424 lterum
1141 3334 1287 3452 tetrum
1300 3331 1485 3410 ettirttnum
1505 3333 1703 3412 teutenimn
1716 3333 1794 3412 ura
1808 3330 1969 3412 aenituit

1250 3592 1443 3662 Praesume
1456 3551 1641 3680 &munna
1655 3594 1691 3660 u.
1705 3595 1756 3660 nr.
1771 3613 1800 3680 p.
1816 3591 1888 3660 rar.

1159 3901 1411 4051 CCLXXV.

629 4143 947 4264 macrae,
973 4185 1128 4314 anso
1152 4163 1300 4254 raes
1325 4165 1514 4259 aseae
1536 4172 1737 4261 mem
1756 4171 1938 4260 amru
2050 4157 2054 4167 ’

479 4383 789 4462 waudraeus
803 4387 873 4461 uu
886 4387 1083 4462 muman·
1103 4393 1137 4463 a
1149 4341 1354 4466 mertuum
1368 4409 1480 4468 rann
1494 4391 1638 4487 optem
1651 4391 1974 4485 ermemmarus
1986 4393 2088 4468 nnn·

474 4499 478 4506 ·
520 4497 523 4504 ’
809 4493 844 4563 et
857 4489 953 4566 runis
973 4489 1171 4566 unnuuum
1186 4491 1334 4569 truamur
1347 4493 1419 4589 tntu
1435 4493 1760 4588 uuneudrentmlt

479 4707 1270 4932 gar-Mulisdddffldnwm''mh'i
1285 4767 1429 4906 rnubedy
1443 4767 1520 4834 itd.
1536 4739 1673 4838 minutum
1694 4739 1935 4855 Wujertddrtwu
1950 4769 2088 4840 Ptueiie·
2137 4815 2142 4824 -
2286 4817 2290 4826 ·
