4878 5942
973 819 1372 934 s-:mo--

422 1026 566 1234 §nitate
592 985 711 1113 nostri
742 1023 943 1138 pastoralis
973 1021 1106 1140 offidj,
1138 1053 1213 1141 qua
1239 991 1481 1142 astringimur
1509 1021 1774 1139 presertim'ad
1796 1021 1934 1115 dietam
1956 1027 2051 1116 wia·

448 1145 685 1234 rsiauiansem
707 1141 927 1246 ecetesiam,
959 1141 1130 1230 volentes
1160 1143 1280 1230 eidem
1307 1139 1508 1261 prouidere
1538 1139 1587 1230 de
1614 1142 1914 1248 nenessitatibo's‚
1935 1157 1979 1232 nt'
1995 1157 2049 1240 te·,

285 1295 337 1340 .’
422 1293 568 1353 nemun:
599 1261 649 1348 de
669 1261 859 1350 voluntate
880 1271 1125 1348 atoonsensu
1146 1261 1300 1348 fratrum
1322 1271 1536 1352 nostrorum
1558 1261 1710 1377 oapituti
1726 1259 2051 1365 wladislauiensis,
2209 1359 2212 1366 ,

422 1382 607 1470 desimam
629 1392 759 1468 nostre
780 1410 911 1466 mense
931 1378 1070 1466 invilla
1090 1395 1222 1468 nostra
1246 1385 1505 1468 Omerozewo
1526 1377 1714 1484 dedimus,
1737 1383 2049 1499 presentibusque

421 1500 607 1588 donamus
637 1525 708 1614 pro
730 1498 1022 1614 eomparaoione
1049 1525 1157 1604 aare,
1188 1499 1263 1588 vini
1285 1509 1323 1584 et
1342 1497 1498 1588 aliarum
1519 1498 1801 1592 attinenoiarum
1829 1497 1879 1587 nd
1900 1499 2047 1616 predio·
2096 1557 2105 1563 -

421 1635 498 1710 tam
532 1632 700 1706 nostram
738 1615 1079 1704 wladislauiansem
1119 1617 1330 1704 ecetesiam.
1390 1615 1444 1702 lta
1474 1631 1614 1720 tamen,
1646 1617 1748 1734 quod
1770 1630 2051 1732 procuratores,

422 1738 486 1858 qui
506 1765 576 1856 pro
596 1749 766 1854 tempore
786 1733 945 1836 eandem
966 1733 1149 1822 decimam
1171 1737 1208 1824 in
1227 1764 1298 1823 sua
1319 1735 1593 1853 proouraoione
1613 1735 1827 1842 habuerint,
1859 1737 1969 1826 nobis
1989 1737 2051 1826 vei

422 1854 558 1976 quibus
584 1885 657 1943 nos
684 1852 898 1952 duxerimus
927 1851 1249 1958 committendum,
1281 1851 1330 1940 da
1359 1853 1549 1970 perceptis
1578 1869 1615 1942 et
1645 1854 1826 1970 expositis
1860 1855 2050 1944 annuatim

307 2079 313 2098 ι
423 1974 613 2062 racionem
648 1973 776 2060 faeere
806 1969 1038 2058 tenebuntur.
1100 1971 1141 2058 Si
1168 2001 1280 2072 vero,
1312 1970 1415 2089 qnod
1445 1973 1562 2078 absit,
1602 1971 1770 2089 predicta
1801 1971 1886 2059 villa
1916 1974 2051 2091 quouis

376 2102 384 2116 “
424 2091 539 2180 modo
569 2089 794 2179 annichilata
823 2089 904 2176 siue
931 2086 1124 2175 destructa
1154 2089 1284 2192 tuerit,
1316 2118 1384 2204 per
1404 2088 1479 2178 hoo
1500 2121 1575 2178 non
1596 2091 1819 2178 intendimus
1840 2121 1927 2178 esse
1949 2091 2062 2196 tiberi,

424 2244 447 2301 a
496 2211 687 2298 rouisione
707 2203 917 2294 huiusmodi
937 2235 1009 2294 neo
1029 2206 1191 2310 absoiui,
1222 2205 1292 2297 sed
1314 2236 1465 2325 semper
1484 2207 1605 2296 eidem
1628 2223 1757 2297 nostre
1778 2207 1939 2294 ecclesie
1961 2237 2052 2325 pro·

424 2239 555 2418 uidere
582 2327 772 2444 eupimus,
804 2323 928 2411 diuina
960 2325 1070 2412 nobis
1099 2327 1230 2444 gracie
1251 2325 1496 2442 suffragante.
1526 2325 1567 2412 ln
1590 2329 1695 2414 ouius
1717 2327 1768 2412 rei
1791 2327 2054 2430 testimonium,

259 2459 262 2464 “
424 2460 656 2536 nostramet
685 2443 933 2562 prenominati
962 2445 1079 2530 nostri
1110 2443 1259 2561 eapituii
1290 2443 1412 2564 sigilla
1432 2456 1522 2530 sunt
1540 2446 1775 2561 presentibus
1796 2446 2051 2578 subappensa.

424 2566 563 2654 De'tum
584 2565 620 2650 in
641 2568 795 2675 onopm
824 2567 1087 2666 Wtodr'slouio,
1119 2591 1219 2651 anno
1249 2559 1388 2653 domini
1417 2563 1609 2651 millesimo
1637 2563 1900 2650 trecentesimo
1933 2592 2051 2649 nona·

424 2685 574 2805 gesimo
596 2681 726 2789 ternio,
747 2680 807 2770 die
828 2681 985 2800 septima
1007 2681 1147 2770 mensis
1173 2680 1354 2802 danuarij.
1414 2680 1662 2770 Presentibus
1691 2679 1973 2769 honorabilibus
2000 2679 2050 2766 vi-

423 2803 487 2907 ris,
517 2799 695 2890 dominis:
716 2799 872 2886 Andrea
901 2799 1112 2916 preposito,
1144 2797 1487 2904 Nicomedensem
1518 2797 1635 2888 Petro
1651 2798 1951 2916 archidyacono,
1983 2795 2049 2885 Ni-

425 2919 539 3008 ootao
569 2933 741 3021 cantore,
771 2918 945 3004 Johanne
975 2918 1181 3010 scolastico
1208 2917 1366 3040 elijsque
1395 2916 1549 3035 pretatis
1577 2934 1613 3008 et
1644 2919 1836 3008 oononiois
1859 2917 2050 3004 wladisla-

426 3038 617 3127 uiensibus
638 3036 893 3154 capitulariter
914 3037 1162 3156 congregatis
1182 3051 1254 3125 eto.
2137 3042 2140 3047 ’

425 3257 481 3333 sis,
496 3255 526 3321 io
542 3253 659 3320 duabus
687 3253 811 3340 reliquis
840 3253 929 3319 etium
945 3262 1094 3320 manavere
1115 3241 1307 3424 masida
1328 3255 1443 3322 effictus
1465 3263 1511 3321 est
1534 3275 1658 3341 campus
1680 3254 1903 3320 latrunculatus.
1939 3253 1986 3320 Ex
2008 3254 2051 3318 in·

425 3341 587 3427 scriptione
602 3340 637 3405 in
649 3339 766 3406 ambitu
780 3341 854 3405 haee
869 3338 927 3423 legi
942 3345 1082 3423 possunt:
1105 3385 1113 3413 ,

330 3431 336 3442 “
427 3424 586 3508 aoapituto
601 3423 743 3491 eeclesiae
758 3422 1018 3520 Wtadistauiensis
1032 3422 1187 3490 usitatum.

1105 3629 1376 3749 suumn.

360 3793 364 3806 1
428 3867 499 3948 ln
525 3866 716 3946 eastun
745 3859 1003 3956 scoram,
1036 3877 1191 3944 onero
1217 3855 1369 3946 lana
1394 3862 1489 3946 dte
1514 3863 1578 3947 11
1605 3883 1675 3948 m.
1706 3861 2053 3966 Septembris.

427 4062 773 4154 §onemundus
796 4061 865 4134 [tex
884 4059 1062 4152 augmen
1083 4061 1145 4136 oto.
1164 4079 1203 4135 ro
1222 4061 1358 4138 turtio
1377 4033 1682 4155 normanno·
1699 4063 1873 4138 virtutae
1886 4063 1964 4137 {tort
1978 4061 2055 4156 opo

427 4165 537 4250 tteuri,
551 4167 655 4239 onor
670 4161 885 4259 durnemun
901 4164 936 4234 et
949 4161 1185 4252 toennensem,
1207 4177 1288 4254 num
1300 4165 1385 4237 toton
1404 4165 1644 4255 numerurm
1657 4168 1752 4241 titulo
1767 4165 1959 4242 otrtortoo
1971 4165 2055 4256 naga

756 4263 931 4355 angono
945 4265 1139 4348 oortmerot,
1160 4265 1314 4340 vertenti
1329 4266 1451 4340 oontert
1463 4267 1662 4358 potestatem
1676 4270 1725 4354 (¹).

1227 3363 1259 3404 m
1272 3339 1338 3406 ten.
1354 3386 1363 3406 .
1379 3389 1387 3406 .
1402 3391 1410 3406 .
1425 3341 1482 3428 opt.
1496 3340 1631 3408 alodis?
1661 3339 1799 3408 Alterum
1810 3339 1941 3425 sigilium
1962 3337 2053 3423 ruigo

435 4537 443 4558 ,
530 4451 612 4544 Nos
643 4455 922 4572 Sigismundus,
952 4453 1014 4542 dei
1042 4455 1175 4572 grania
1203 4453 1292 4544 Rex
1311 4454 1529 4576 Hungarie,
1562 4439 1771 4562 Dalmatia,
1814 4457 1985 4563 Croatie,
2017 4469 2058 4544 et

429 4587 574 4678 uetera,
599 4603 653 4660 ao
668 4573 1251 4694 MarehioBrandemburgensis
1272 4575 1355 4687 (sio)
1378 4589 1414 4662 et
1435 4591 1574 4702 uetera,
1596 4591 1725 4664 notum
1745 4576 1903 4664 iacimus
1925 4591 2057 4662 tenore

508 4787 569 4890 ·(¹)
597 4787 646 4856 Ex
660 4790 748 4856 arrha
801 4812 819 4856 o
845 4789 1094 4892 membraneoso,
1119 4789 1200 4942 pood
1222 4789 1254 4857 in
1274 4789 1424 4892 tabulario
1446 4791 1580 4878 quodam
1600 4791 1716 4892 privato
1736 4791 1889 4877 inRegno
1911 4789 2057 4891 (miliciae

428 4871 550 4942 condito
565 4881 754 4957 asseruoou,
789 4883 959 4963 esenpurm.
996 4875 1032 4940 tn
1047 4893 1108 4940 mro
1143 4893 1211 4960 urus
1240 4875 1359 4944 nouae
1380 4895 1560 4964 impressum
1583 4877 1712 4964 argrttum
1734 4897 1836 4945 eoem
1851 4875 1959 4943 ootons
1973 4873 2058 4944 rubri

425 4958 490 5046 jam
504 4957 646 5028 deletum.
