4878 5942
1045 688 1222 776 -ccc
1277 741 1322 756 -

368 905 604 997 obstaculum
625 904 771 1023 piscine
795 903 868 990 inm
895 899 983 990 dicti
1012 901 1214 991 molendini
1242 899 1335 1020 sepe
1356 898 1480 989 dictus
1500 889 1751 990 Przeczslaus
1774 917 1812 991 et
1831 904 1889 992 sui
1910 932 1997 990 snc-

241 1085 243 1094 ·
367 1053 546 1114 cessores
566 1021 759 1112 custodire
779 1049 828 1107 ac
847 1033 1030 1134 temptare
1058 1020 1140 1130 (sic)
1172 1022 1245 1108 sint
1274 1018 1435 1123 astricti,
1462 1017 1537 1124 sic,
1566 1017 1668 1136 qnod
1691 1020 1728 1104 in
1747 1019 1831 1136 ipsa
1850 1022 1998 1138 piscina

366 1141 478 1230 nobis
498 1155 536 1229 et
551 1139 696 1228 nostris
716 1135 1005 1224 successoribus
1025 1137 1165 1240 nullum
1185 1134 1387 1251 dampnum
1414 1163 1482 1222 seu
1506 1133 1711 1252 periculum
1731 1137 1997 1256 subsequatur.

367 1259 462 1347 Cum
494 1285 588 1345 vero
616 1252 777 1343 eundem
807 1280 992 1371 aggerem
1023 1252 1172 1340 effuant
1190 1249 1418 1340 reformandi
1439 1254 1667 1355 necessitas,
1699 1265 1838 1341 extunc
1869 1283 1941 1341 nos
1962 1271 1998 1342 et
2042 1338 2045 1346 .

366 1375 486 1466 nostri
505 1401 776 1472 successorem
806 1385 962 1488 recepta
981 1369 1301 1491 prenunciacione
1320 1398 1390 1455 seu
1409 1367 1660 1488 requisiuione
1681 1371 1813 1486 prelati
1834 1370 1998 1460 Przecz·

367 1491 438 1581 slai
458 1508 497 1580 et
516 1519 670 1578 suorum
691 1517 957 1576 successomm
989 1517 1106 1605 super
1136 1484 1272 1574 eodern
1292 1481 1440 1604 aggere
1465 1485 1726 1594 reformando,
1747 1488 1905 1595 serrum,
1935 1519 1998 1575 ru-

365 1611 491 1697 betum
521 1621 560 1694 et
587 1607 661 1694 alia
689 1579 919 1710 huiusmotli,
957 1602 1008 1692 ad
1030 1603 1189 1692 eandem
1216 1603 1526 1691 reiormacionem
1547 1604 1787 1710 necessaria,
1817 1635 1889 1694 nec
1923 1635 1998 1694 non

366 1727 537 1814 homines
565 1723 771 1814 tenebimur
798 1723 863 1827 [in]
892 1723 1067 1810 auxilinm
1091 1724 1320 1829 ministrare3
1352 1750 1438 1808 cum
1458 1720 1593 1838 quibus
1614 1721 1763 1838 quidem
1784 1721 1999 1814 bominibus

367 1845 511 1959 pluries
530 1843 652 1930 lactus
668 1839 752 1950 (sic)
768 1839 1020 1928 Przcozslaus
1041 1855 1076 1928 et
1098 1841 1156 1928 sui
1176 1867 1425 1927 successores
1445 1836 1584 1926 dictum
1593 1867 1782 1960 aggerem
1797 1839 1998 1945 debebunt,

366 1960 457 2050 dum
485 1973 523 2046 et
552 1959 735 2075 quociens
755 1969 980 2074 oportunum
1001 1958 1129 2062 luerit,
1148 1957 1366 2044 relormare.
1427 1953 1592 2063 Horum,
1613 1957 1748 2075 quibus
1770 1973 1940 2046 nostrum
1960 1970 1999 2046 et
2081 1969 2084 1981 “

366 2075 553 2164 dictorum
582 2075 739 2163 lratrnm
764 2089 980 2164 nostrornm
1010 2075 1160 2192 capituli
1189 2071 1506 2162 wladislaniensis
1536 2075 1568 2161 si
1600 2075 1659 2164 'a
1693 2103 1864 2209 appensa
1899 2087 1999 2180 sunt,

366 2194 578 2324 testimonio
599 2183 798 2282 literarum.
859 2193 998 2282 Actum
1017 2209 1056 2281 et
1077 2193 1205 2300 dolum
1226 2191 1263 2279 in
1283 2197 1446 2305 lbrtow
1468 2190 1542 2304 (³),
1569 2073 1666 2282 bleba
1687 2207 1802 2282 lerona
1832 2193 1917 2310 ipso
1935 2191 2000 2280 die

367 2309 541 2398 nudemur
561 2311 695 2397 milium
716 2311 922 2428 virginum,
953 2340 1054 2398 anno
1084 2309 1222 2426 dominj
1243 2309 1437 2398 millesimo
1468 2311 1732 2399 trecentesimo
1751 2339 1850 2400 nona
1882 2310 2000 2400 θείωο
2118 2377 2124 2393 ,

367 2457 480 2516 nono.
511 2427 760 2514 Presentibns
780 2442 960 2514 strennuo
979 2427 1062 2534 (sic)
1079 2440 1118 2512 et
1137 2424 1322 2514 nobilibus
1343 2427 1444 2532 uiris,
1465 2427 1635 2560 dominis:
1655 2425 1819 2516 lmramo
1903 2431 1999 2515 Sect-

366 2541 1074 2780 tltlltlttlttlllltlll
1087 2542 2000 2779 ‘lluttg'tlllltlllllltltlltl:

366 2779 510 2870 beredo
528 2779 565 2868 in
597 2781 743 2892 Cocum
775 2792 816 2865 et
840 2775 1040 2896 Negoslao
1068 2777 1154 2864 ville
1185 2789 1315 2888 nostre
1344 2776 1571 2895 episcopalis
1602 2780 1866 2866 Ncwstcrzow
1896 2777 1997 2866 scul—
2190 2866 2194 2885 ¹

367 2911 445 2998 teto
472 2893 545 3007 (⁴),
565 2897 724 3014 ulijsque
744 2895 914 3010 plurribos
932 2893 1008 2984 fide
1028 2893 1164 3015 dignis.
2034 2893 2047 2914 ‘

467 3145 508 3228 (³)
534 3147 571 3212 ln
585 3163 692 3212 mna
705 3129 929 3243 centenno
943 3145 1068 3244 regnor:
1090 3146 1185 3214 aum
1198 3143 1427 3220 Pomm,
1441 3145 1473 3210 n
1489 3143 1554 3211 arn
1567 3143 1676 3212 annus
1690 3142 1929 3220 mercum·
1951 3147 1997 3212 n-

368 3225 511 3318 tolligitur
524 3227 573 3296 bic
587 3228 654 3296 uilla
669 3228 813 3296 Piorlrow
827 3249 906 3296 crrca
920 3229 1065 3315 oppidum
1079 3229 1197 3330 Bagou
1211 3230 1277 3296 sito

468 3309 509 3396 (⁴)
537 3309 669 3383 Nomina
682 3311 789 3379 harum
805 3313 943 3382 villarum
958 3320 1042 3380 sunt:
1066 3311 1228 3399 Scotnmry,
1249 3311 1443 3394 Delectata,
1465 3310 1608 3378 territorii
1623 3309 1883 3390 sandomiriemis‚
1898 3313 1997 3396 ragio·

368 3393 414 3460 uis
427 3392 660 3480 stercoriensim
680 3395 810 3483 Bomoi,
825 3395 893 3464 uilla
904 3397 1047 3463 territorii
1061 3397 1245 3475 lliclcensis,
1264 3398 1396 3483 regionis
1410 3395 1675 3482 ladmejorieosis;
1696 3395 1813 3476 Kenio,
1828 3396 1894 3462 tilla
1908 3396 1995 3462 torri·

366 3477 436 3575 torii
451 3479 672 3577 ⁸Wieluneosis,
693 3480 827 3568 regionis
851 3480 1141 3564 Gncstocboriomis3
1163 3481 1375 3560 Nestor-alto,
1401 3481 1470 3550 villa
1494 3480 1638 3550 territorii
1663 3489 1694 3548 et
1718 3479 1850 3566 regionis
1877 3478 1995 3568 Opoto-

367 3581 484 3628 rrensrs.
1592 3609 1595 3616 ,

336 4042 339 4050 ’
396 3989 996 4187 normannicarum
1012 3854 1381 4168 ussllablffl„
1401 4083 1601 4208 nenas
1619 4079 1969 4186 smmum

366 4275 561 4369 molum
574 4292 596 4352 n
609 4277 750 4354 unco
763 4277 938 4370 Jungtngcn
953 4279 1268 4456 smmffl=ffl
1288 4280 1410 4356 tntum
1423 4282 1655 4386 ¹(trucitcrornm
1668 4282 1783 4380 cnuto
1796 4284 1995 4420 Botrownstf
2110 4246 2112 4252 ¹

436 4564 506 4652 Hip·
518 4563 691 4636 Gawmecii
704 4565 903 4653 „PreywiteJc
916 4565 1074 4634 urleielone
1087 4569 1229 4636 minstom
1245 4567 1487 4656 Wojcwodztwo
1502 4569 1683 4656 l’loolriogo'’
1696 4589 1724 4656 p.
1739 4571 1788 4636 st.

466 4916 556 4968 ronne
573 4916 607 4967 11.
1787 4921 1821 4976 45
