4896 5926
1104 725 1380 798 -154-

1128 1016 1361 1136 Cblllllll.

471 1287 1027 1386 sacramentaneus,
1054 1308 1211 1376 nmmo
1236 1289 1385 1378 1301
1411 1289 1505 1376 dic
1529 1285 1601 1376 18
1625 1289 1827 1375 mereata
1850 1290 2014 1378 sulti.
2061 1219 2065 1228 -

427 1493 738 1570 Premtalaua
752 1493 821 1568 bur
835 1491 992 1588 tutamen,
1006 1491 1149 1568 annun
1163 1491 1386 1568 thbdadm
1400 1507 1462 1568 mu
1476 1491 1656 1566 emmetra
1669 1509 1729 1568 nun
1743 1490 1893 1570 cumn
1907 1495 2058 1586 camene

462 1595 607 1672 Salem
620 1597 780 1670 tentantur
794 1593 945 1668 benutm
957 1593 1062 1667 ram
1075 1593 1184 1668 uittam
1198 1595 1376 1666 naamam
1392 1592 1548 1668 ecelesiae
1563 1591 1814 1670 manmena
1829 1591 1965 1670 dunum
1979 1591 2029 1682 1¹).

527 1819 572 1908 ln
592 1819 741 1910 nomine
760 1815 916 1922 domini,
946 1845 1067 1908 amen.
1118 1813 1204 1906 Nos
1230 1815 1450 1906 Premislius
1469 1813 1531 1904 dei
1600 1815 1684 1904 acia
1705 1815 1783 1906 dux
1805 1815 1989 1935 Cuyauic,
2019 1835 2059 1912 et

428 1939 602 2029 dominus
618 1933 878 2042 Wladislauie,
900 1965 974 2022 una
995 1964 1078 2022 curn
1100 1931 1237 2022 dilecto
1257 1935 1371 2026 fratre
1390 1949 1522 2024 nostre
1567 1964 1637 2022 nce
1652 1931 1858 2042 Kazimirn,
1879 1949 1918 2024 et
1933 1935 2057 2026 inclita

428 2073 548 2145 matre
575 2069 707 2144 nostra
736 2053 888 2142 domina
918 2051 1113 2157 Salomea,
1144 2053 1381 2170 presentibus
1407 2051 1625 2170 profitemur
1645 2067 1682 2142 et
1701 2051 1850 2172 publice
1869 2068 2057 2172 protesta-

429 2205 522 2263 mur:
543 2171 647 2291 qund
666 2173 705 2260 in
725 2185 854 2260 nostra
875 2171 1098 2258 constitutus
1116 2171 1314 2292 presencia
1333 2200 1463 2260 comes
1477 2169 1511 2258 F
1514 2169 1560 2278 al,
1581 2169 1703 2259 villam
1724 2200 1793 2263 seu
1813 2170 2059 2264 hereditatem

429 2321 537 2382 suam
557 2295 776 2378 Basilisene
791 2287 985 2425 wlgariter
1001 2301 1251 2406 nuncupatam
1272 2289 1308 2378 iu
1323 2287 1616 2380 wladislaniensi
1636 2285 1800 2382 dominio
1820 2290 1993 2378 situatam
2003 2287 2058 2403 (ἵ),

226 2405 237 2534 i
424 2413 510 2500 iure
529 2423 672 2516 nature,
693 2407 939 2528 cognacrnnis
959 2405 1019 2494 nel
1040 2405 1262 2526 agnacinnis
1282 2405 1353 2496 sibi
1372 2405 1544 2513 debitam,
1564 2436 1677 2528 quam
1697 2405 1846 2500 numine
1865 2409 2059 2527 porcionis

428 2527 500 2620 sibi
520 2525 645 2618 debite
665 2555 736 2646 prn
756 2553 800 2614 se
820 2535 1042 2640 exceperat,
1073 2521 1123 2614 nb
1149 2521 1354 2615 remedium
1378 2525 1501 2616 anime
1521 2555 1591 2614 sue
1618 2538 1656 2614 et
1675 2553 1828 2618 sucrum
1849 2539 2058 2644 parentum,

428 2659 469 2735 et
486 2645 537 2734 nb
557 2644 814 2734 reuereuniam
843 2641 954 2730 beate
976 2642 1135 2764 virginis
1165 2639 1305 2750 lllarie,
1334 2639 1537 2734 venerabili
1557 2643 1594 2734 in
1616 2643 1767 2736 Christo
1787 2645 1884 2764 patri
1904 2641 2057 2736 duminn

430 2759 640 2870 Geruardn,
661 2759 722 2852 dei
742 2761 876 2882 gracia
895 2759 1058 2850 ecclesie
1078 2757 1393 2852 wladislauiensis
1412 2761 1607 2966 episcope,
1628 2759 1789 2854 ecclesie
1805 2792 1884 2870 sue,
1903 2761 2059 2880 suisque

427 2881 649 2985 heredibus,
677 2893 860 2998 perpetuo
890 2877 1042 2970 contulit
1071 2893 1108 2966 et
1127 2876 1301 2988 donauit,
1330 2879 1410 2968 iure
1456 2877 1838 3002 creditarinpacilrce
1857 2877 2057 2996 possiden·

430 2999 536 3107 dam,
562 2997 661 3116 nmnj
676 2997 764 3118 juri,
784 2995 935 3112 actinnj,
956 2995 1187 3116 excepcinni,
1207 2995 1430 3116 condicioni,
1451 2997 1484 3086 si
1503 2995 1574 3088 sibi
1594 2997 1750 3122 suisque
1769 2996 2059 3094 successoribus

430 3117 656 3238 ubicumque
680 3130 719 3203 et
739 3112 1028 3236 quadncumque
1046 3125 1324 3234 competerent,
1349 3111 1624 3206 renunciandn:
1653 3118 1775 3236 ipsum
1802 3130 1839 3204 et
1859 3114 2060 3210 ecclesiam

291 3262 296 3281 ·
430 3265 538 3326 suam
559 3235 596 3324 in
613 3233 882 3370 possessiones
903 3231 963 3318 uel
984 3229 1110 3352 quasi,
1133 3231 1281 3339 ciuiles',
1311 3232 1502 3326 naturales
1523 3247 1560 3324 et
1580 3235 1821 3371 corporales,
1850 3233 1947 3322 sicut
1966 3263 2058 3326 cun·

430 3351 592 3446 suetudo
613 3352 703 3442 ruris
722 3349 840 3440 nostri
861 3347 996 3470 exigit,
1025 3346 1251 3444 inducendo.
1301 3347 1350 3440 Et
1370 3351 1457 3474 qnia
1476 3381 1593 3472 super
1611 3351 1684 3474 bips
1704 3364 1932 3442 memoratus
1952 3367 2059 3471 pater

280 3509 290 3595 3
431 3487 562 3561 nester
595 3469 705 3588 peciit
740 3497 764 3556 a
796 3466 906 3556 nubis
934 3496 1192 3572 consensum,
1226 3497 1299 3558 nos
1334 3465 1582 3558 donacionem
1617 3467 1822 3587 predictam
1858 3469 2058 3589 episcopo,

431 3589 589 3708 suisque
614 3583 903 3675 successoribus
933 3599 971 3672 et
989 3585 1150 3676 ecclesie
1176 3584 1469 3680 wladislauiensi
1494 3588 1649 3695 lactem,
1679 3603 1819 3696 ratam,
1850 3601 2000 3708 gratam
2021 3601 2060 3676 et

430 3705 576 3798 firmam
603 3703 804 3811 babentes,
833 3703 953 3792 eciam
972 3701 1006 3792 si
1027 3704 1090 3820 qni
1110 3701 1282 3796 delectus
1308 3735 1356 3792 ex
1381 3719 1488 3822 perte
1512 3703 1688 3802 donantis
1708 3719 1855 3813 essent,
1884 3705 1990 3820 ipses
2010 3733 2059 3796 eu

431 3823 552 3916 nostri
580 3818 809 3941 plenitudine
836 3817 986 3937 dominij
1017 3819 1307 3928 submouentes,
1337 3836 1520 3941 perpetuo
1550 3821 1826 3912 confirmemus.
1878 3823 1937 3914 Ne
1966 3852 2059 3912 uero

432 3972 549 4062 snper
566 3940 640 4060 hijs
659 3939 891 4059 inposterum
911 3935 1114 4046 dubitetur,
1144 3953 1355 4057 presentem
1376 3940 1554 4059 paginam
1574 3940 1698 4060 sigillo
1718 3957 1850 4032 nostru
1870 3939 2061 4030 mandaui-

433 4091 516 4150 mus
536 4057 766 4149 communiri.
798 4055 933 4144 Actum
954 4054 992 4143 in
1009 4061 1250 4146 Wlndt'stnuin
1258 4061 1409 4168 jcuenc,
1431 4057 1677 4174 presentibus:
1697 4059 1834 4149 comite
1853 4057 2060 4148 Rartbnsin

301 4195 310 4268 ².
432 4177 573 4284 iudice,
602 4173 818 4294 Budziwyn
833 4173 916 4287 (sic)
937 4171 1160 4279 vexillifero,
1188 4171 1545 4294 losephensitero,
1573 4175 1747 4268 ananne
1766 4177 2059 4280 subcamerarin,

536 4408 576 4510 (ῑῇ
604 4426 650 4494 Er
672 4425 834 4512 archetypo
855 4425 1087 4492 membranaceo
1109 4425 1139 4492 in
1154 4423 1301 4492 tabulario
1315 4378 1436 4512 cipituli
1452 4424 1710 4526 Wladislnuiensin
1724 4439 1889 4497 anernatn
1923 4425 2060 4513 Sigillum

434 4511 682 4678 ebruppppt·vnh
696 4593 876 4661 amman
890 4615 990 4682 neque
1011 4593 1042 4660 in
1057 4593 1153 4660 indice
1168 4593 1287 4660 urbium
1309 4601 1340 4659 et
1354 4593 1488 4660 villarum
1509 4591 1537 4660 R
1579 4591 1608 4659 ni
1626 4593 1783 4672 antoniae,
1805 4616 1905 4684 neque
1926 4593 1958 4661 in
1972 4593 2062 4661 simili

434 4679 534 4750 indice
547 4678 871 4757 laurasamensis,
884 4699 941 4758 nec
954 4678 1086 4765 deniqne
1101 4679 1132 4744 in
1146 4679 1224 4744 librn
1237 4677 1357 4746 Mtilleri
1371 4677 1529 4744 invenimr.
1582 4688 1697 4748 niteam
1711 4680 1801 4748 bndie
1811 4679 1875 4766 jam
1890 4700 1952 4746 nou
1966 4685 2062 4746 ernau

388 4781 396 4802 ⁸
434 4772 487 4834 aut
502 4784 616 4832 nomen
631 4762 711 4862 aliud
724 4763 863 4862 nbtinuit,
877 4763 932 4862 'ln
948 4783 1054 4830 aversa
1067 4771 1167 4830 tamen
1184 4762 1271 4862 bujus
1285 4761 1405 4830 tabulae
1419 4770 1503 4849 parte
1517 4763 1639 4850 legitur:
1656 4765 1744 4848 „villa
1756 4765 1955 4834 Basilicam
1969 4762 2062 4832 atie

433 4850 572 4921 districm
584 4847 886 4917 Jumwladnlanener
900 4855 931 4915 et
944 4848 981 4916 ad
996 4847 1109 4916 clavam
1126 4847 1404 4918 wladislaviensem
1418 4847 1599 4936 manens?
