4956 5940
1058 685 1268 806 'foer
1330 773 1371 784 -

425 933 525 1022 lubili
561 933 743 1022 fertonem
776 932 812 1020 in
832 929 1049 1020 lesto'beeti
1067 927 1218 1019 Martini
1240 931 1492 1038 confessoris,
1523 945 1561 1018 et
1580 927 1764 1020 decimum
1786 935 2049 1054 manipuletem

426 1055 463 1140 in
484 1053 628 1170 cempis
648 1066 818 1168 tempore
839 1051 1036 1154 messium,
1067 1049 1226 1169 siugulis
1245 1051 1355 1138 suuis
1376 1048 1526 1136 soluere
1547 1051 1780 1138 tenebuntur.
1813 1051 1938 1168 Quem
1960 1085 2050 1144 oeu-

426 1201 509 1259 sum
530 1169 628 1257 idem
646 1169 826 1257 scultetus
843 1169 984 1286 religet
996 1169 1077 1275 (sie)
1093 1183 1130 1254 et
1145 1169 1282 1286 exiget,
1304 1183 1341 1268 et,
1356 1167 1465 1255 uobis
1481 1198 1528 1254 ee
1544 1169 1683 1256 nostris
1699 1172 1986 1259 suecessoribus
2006 1171 2050 1260 li-
2171 1273 2176 1288 ,

425 1286 558 1374 deliter
578 1286 820 1406 presentabit
862 1285 1009 1372 Demus
1030 1285 1148 1373 eciem
1170 1286 1314 1403 prelato
1335 1285 1494 1373 sculteto
1517 1299 1553 1370 et
1574 1287 1653 1372 suis
1673 1300 1851 1404 posterys
1871 1289 1954 1400 (sie)
1976 1305 2049 1378 ter·
2151 1289 2157 1304 '

426 1406 522 1492 oium
545 1404 737 1493 denarium
758 1403 807 1490 de
828 1401 1028 1510 theberno,
1051 1403 1152 1521 quod
1170 1403 1252 1516 (sic)
1269 1404 1403 1490 ibidem
1426 1404 1550 1492 locate
1570 1405 1688 1494 luerit.
1719 1405 1908 1494 dudieobit
1927 1423 2052 1496 eutem

427 1521 619 1639 predictus
650 1521 841 1628 seoltetus,
871 1533 909 1607 el
928 1523 986 1608 sui
1016 1521 1183 1641 legittimi
1219 1541 1483 1618 successores,
1523 1551 1655 1609 omnes
1682 1547 1820 1610 causas
1849 1555 1989 1643 paruos
2014 1539 2052 1612 et
2178 1513 2182 1526 ⁸

424 1650 603 1756 magnes,
636 1641 730 1726 inlre
752 1643 929 1727 terminos
951 1640 1118 1727 eiusdem
1140 1639 1355 1726 hereditatis
1385 1640 1665 1758 contingentes:
1697 1639 1746 1727 de
1768 1639 1937 1730 iudicetis
1958 1671 2050 1730 vero
2159 1747 2162 1752 ¹

425 1759 605 1846 scultetus
627 1757 845 1875 sepedictus
866 1758 1020 1845 teroium
1037 1758 1247 1858 denarium,
1278 1770 1316 1843 et
1335 1785 1409 1870 nos
1429 1755 1530 1845 duos
1548 1759 1782 1874 recipiemus
1796 1761 2049 1876 juramentum

424 1905 492 1990 per
522 1873 682 1960 medium
713 1874 927 1962 diuidendo.
990 1875 1195 1962 Stetuimus
1225 1875 1366 1978 eciem,
1399 1873 1501 1991 quod
1531 1874 1710 1962 scultetus
1740 1891 1776 1964 et
1805 1879 1862 1964 sui
1894 1891 2052 1994 postery

272 2015 279 2026 ’
424 1992 642 2080 scolteeiem
664 1991 822 2080 eundem
844 1993 929 2080 nulli
950 1991 1115 2080 vendere
1130 2005 1194 2077 uut
1210 1990 1382 2110 obligare
1398 1993 1434 2076 in
1450 1989 1709 2109 perte,[vellin
1726 2007 1805 2082 boto
1820 2009 2050 2110 presumant,

425 2110 685 2228 nisileilquem
706 2139 778 2197 nos
801 2108 1016 2196 duxerimus
1038 2107 1317 2196 admittendum.
1348 2109 1533 2195 Preteree
1547 2113 1628 2221 ipse
1644 2110 1824 2198 scultetus
1846 2127 1882 2198 el
1902 2113 1960 2198 sui
1979 2141 2049 2228 po-

424 2242 527 2343 stery
548 2228 583 2313 in
605 2227 737 2344 eedem
759 2228 863 2331 villu,
885 2241 922 2314 et
942 2227 1076 2332 incole,
1106 2257 1153 2312 ex
1174 2226 1329 2344 speciali
1349 2241 1473 2344 paeto,
1495 2225 1744 2342 personaliter
1763 2227 1991 2316 residebunt:
2037 2243 2051 2316 t

425 2346 458 2433 si
479 2345 660 2463 quispiam
688 2347 853 2463 ipsorum
884 2345 1151 2463 contempserit
1179 2361 1216 2431 et
1244 2375 1319 2431 uon
1348 2343 1545 2448 residebit,
1577 2343 1756 2433 scultetus
1782 2345 1983 2452 scoltecia‘,
2014 2361 2052 2434 el
2096 2405 2132 2460 s

423 2462 581 2550 villanus
613 2469 747 2550 menso
786 2465 870 2580 ipso
891 2464 998 2549 teoto
1029 2461 1242 2550 omnimode
1268 2465 1316 2550 sit
1342 2463 1520 2579 priuatus.
1579 2459 1631 2547 Et
1656 2462 1757 2577 quod
1787 2465 1906 2552 eciam
1926 2461 2097 2561 nulluss

425 2580 583 2668 villanus
604 2581 699 2697 plus,
721 2609 831 2698 quem
852 2578 951 2667 duos
972 2607 1127 2666 mensos
1147 2577 1284 2666 debent
1303 2580 1484 2696 optinere.
1529 2575 1759 2666 Ordiuomus
1788 2582 1924 2687 eciem,
1946 2577 2049 2700 quod

424 2699 547 2786 incole
567 2697 722 2816 predicti
754 2697 830 2786 duo
864 2696 1022 2815 prundiu
1049 2696 1098 2783 od
1128 2695 1263 2783 iudieie
1294 2696 1488 2817 generalia
1517 2727 1584 2784 seu
1605 2695 1778 2803 beunile,
1809 2713 1847 2785 et
1865 2699 2049 2786 scultetus

426 2817 601 2921 tercium,
632 2832 696 2903 eut
716 2846 787 2934 pro
808 2813 974 2934 quolibet
993 2813 1153 2932 prandio
1174 2815 1337 2932 quinque
1358 2829 1490 2902 scotos
1511 2815 1661 2902 soluere
1681 2815 1754 2902 sint
1771 2817 1925 2914 astricti.
1986 2815 2048 2902 ln·

424 2963 540 3051 super
560 2934 740 3022 scoltetus
761 2933 978 3022 iem'dietus
1000 2946 1037 3020 et
1056 2931 1285 3020 ineole‘ville
1306 2947 1511 3022 memorate
1541 2931 1650 3020 nobis
1675 2947 1713 3021 et
1737 2933 1876 3024 nostris
1896 2963 2048 3022 sucees-

424 3052 575 3142 som'bus
595 3053 779 3157 honores,
808 3053 1014 3171 peticiones
1035 3066 1072 3138 et
1092 3051 1253 3137 seruioie
1274 3049 1515 3154 exhibebunt,
1545 3051 1646 3140 iuxte
1666 3079 1809 3138 morem
1830 3065 1867 3140 el
1885 3081 2048 3140 cousue-

421 3170 586 3258 tudinem
608 3170 763 3259 eliorum
784 3171 1024 3258 scoltetorum
1046 3181 1083 3256 et
1104 3169 1308 3256 incolarum
1329 3179 1542 3256 nostrorum
1564 3167 1711 3278 (sio),in
1742 3166 1908 3256 districlu
1936 3169 2046 3288 lego·

302 3377 306 3384 ,
422 3290 540 3376 uieusi
577 3289 781 3377 locuturum
818 3287 912 3400 (sio).
962 3285 1006 3375 ln
1027 3287 1133 3374 cuius
1161 3288 1214 3373 rei
1244 3287 1510 3390 testimonium,
1545 3285 1669 3405 sigillo
1689 3301 1856 3373 nostrum
1883 3285 2048 3406 dietique
2136 3369 2143 3380 .

422 3409 539 3492 nostri
575 3407 740 3524 capituli,
781 3402 1018 3523 presentibus
1047 3419 1134 3492 suut
1163 3435 1343 3522 appense.
1404 3405 1540 3491 Actum
1571 3417 1609 3490 et
1637 3403 1762 3492 detum
1788 3410 1979 3509 Roezens,
2009 3406 2047 3492 iu

422 3525 586 3612 erastino
608 3525 707 3612 beuti
737 3523 1010 3642 Bartholomey
1040 3523 1221 3640 apostoli,
1251 3553 1352 3611 euno
1373 3521 1512 3611 domini
1531 3521 1725 3610 millesimo
1748 3520 1894 3608 CCC'l⁰
1915 3537 2046 3610 oetuu·
2131 3625 2136 3634 ¹

450 3790 530 3848 rico
550 3762 755 3877 preposito,
770 3758 944 3848 loborme
959 3757 1240 3892 erobidiecono,
1256 3757 1493 3867 Burlbelsio)
1504 3772 1670 3861 oentore,
1688 3755 1847 3845 Nicoluo
1864 3757 1912 3844 de
1930 3749 2046 3846 Chross
2166 3791 2171 3804 ·

419 3875 1491 4114 iiidmiletinnililiiaduiaddiiiiignlifldilalienibus'
1524 3888 1561 3962 el
1581 3873 1751 3964 lereudo
1773 3889 1929 3962 uenture
1958 3901 2044 3961 cru-

421 3643 591 3848 qessimo
612 3642 706 3754 (sio).
767 3642 1012 3730 Preseutibus
1033 3640 1315 3728 honorabilibus
1336 3656 1374 3728 et
1394 3639 1566 3728 discretis
1587 3641 1695 3744 viris,
1727 3638 1898 3726 dominis:
1920 3639 2046 3728 Theo·
