4878 5942
1035 741 1342 818 -363-.

359 940 565 1030 examinari
583 941 753 1031 iacimus.
804 941 903 1030 Post
922 969 1080 1060 quorum
1109 942 1260 1060 quidem
1281 943 1427 1032 testium
1448 941 1639 1049 examina,
1670 943 1779 1036 dictis
1800 945 1981 1036 Dadzbo-

358 1059 424 1178 gio
446 1059 599 1165 actoris,
618 1073 656 1147 et
676 1056 816 1180 Egidio
836 1059 902 1164 rei,
917 1061 1237 1177 procuratoribus,
1249 1059 1435 1178 injudicio
1454 1089 1584 1148 coram
1605 1061 1715 1150 nobis
1735 1067 1984 1182 comparenti·
2040 1081 2046 1090 '

358 1177 432 1266 bus
453 1191 491 1264 et
511 1177 722 1294 petentibus
744 1207 791 1264 ac
811 1176 1155 1284 consencientibus,
1177 1178 1277 1266 dicta
1298 1182 1367 1266 scu
1383 1175 1649 1294 deposiciones
1670 1181 1817 1270 testium
1841 1183 1987 1270 luerunt

359 1293 565 1414 publicata:
595 1307 686 1415 post
705 1323 862 1412 quarum
884 1290 1170 1412 deposiciobum
1192 1295 1507 1413 publicacionem,
1537 1298 1848 1415 procuratoribus
1869 1303 1987 1416 partis

358 1413 552 1530 utriusque
571 1413 750 1529 predictis
768 1412 805 1502 in
827 1439 947 1500 causa
974 1410 1188 1502 buiusmodi
1209 1411 1540 1516 concludentibus
1572 1431 1609 1502 et
1629 1447 1789 1534 pernos
1812 1416 1987 1504 concludi

358 1533 589 1649 petentibus,
620 1559 694 1618 nos
714 1532 751 1617 in
772 1560 890 1618 causa
925 1527 1137 1634 huiusmodi
1173 1532 1443 1636 conclusione,
1479 1548 1631 1620 servato
1660 1532 1710 1620 ad
1731 1535 1807 1622 boc
1828 1536 1985 1622 termino

358 1647 531 1766 speciali3
563 1660 602 1734 et
620 1647 713 1766 ipsis
732 1646 956 1736 habentibus
992 1679 1063 1765 pro
1098 1647 1280 1737 concluso
1309 1663 1451 1736 certum
1473 1651 1667 1738 terminum
1693 1653 1985 1770 peremptorium

358 1780 396 1854 et
416 1773 690 1890 competentem
722 1765 773 1854 ad
794 1764 988 1856 terendam
1009 1765 1235 1858 diffinitivam
1272 1767 1502 1857 sentenciam
1522 1770 1731 1858 statuimus.
1791 1768 1890 1884 Quo.
1904 1771 1984 1888 qui-

359 1881 445 1970 dem
465 1884 621 1970 termino
642 1881 883 1988 adveniente,
915 1899 953 1970 et
974 1883 1082 1972 dictis
1099 1883 1328 2004 Dadzbogio
1349 1885 1511 1992 actoriS,
1543 1901 1578 1974 et
1598 1884 1740 2006 Egidio
1760 1890 1826 1992 rei,
1846 1917 1985 2005 procu·

358 2001 568 2105 muribus,
604 2000 815 2090 nominibus
847 2000 981 2120 quibus
1010 2031 1143 2118 supra,
1174 2003 1478 2120 comparentibus
1513 2031 1642 2092 coram
1678 2005 1807 2110 nobie,
1839 2020 1876 2092 et
1897 2036 1985 2094 sen·

314 2153 317 2160 ·
358 2118 519 2204 terciam
552 2117 782 2208 diffinitivam
820 2119 908 2208 ferri
937 2121 1165 2235 petentibus,
1205 2151 1277 2210 ons
1306 2149 1398 2210 vero
1418 2119 1600 2210 Nicolaus
1629 2120 1679 2210 dc
1704 2127 1878 2228 larsaco,
1910 2122 1985 2208 Ca·
2065 2199 2071 2233 ,

358 2227 516 2322 nonicus
556 2249 593 2322 et
633 2232 817 2324 Officialis
857 2237 1100 2344 antedictus,
1145 2238 1242 2327 uisis
1282 2240 1449 2354 primitus
1490 2256 1527 2328 et
1567 2238 1765 2358 diligenter
1795 2240 1986 2356 ,inspectis
2064 2246 2068 2259 '

359 2353 529 2439 omnibus
550 2353 663 2458 actis,
685 2355 855 2440 acticatis
890 2367 927 2440 et
960 2355 1042 2468 alijs
1078 2354 1290 2468 productis,
1328 2359 1550 2473 testiumque
1586 2356 1914 2473 deposiciooibus,
1947 2359 1983 2444 in

360 2497 479 2558 causa
522 2470 733 2558 huiusmodi
769 2470 894 2575 lactis,
938 2469 1073 2558 habitis
1108 2483 1145 2556 at
1180 2469 1399 2586 productis:
1436 2473 1530 2578 [ad]
1566 2465 1792 2560 diffinitivam
1833 2489 1985 2564 senten·
2059 2473 2065 2501 ¹

345 2587 455 2674 ciam
475 2586 512 2674 io
532 2587 682 2702 scriptis
703 2585 895 2675 terendam
923 2585 1095 2677 duximus
1124 2586 1418 2702 procedendum,
1450 2603 1488 2675 et
1516 2591 1793 2704 processimus,
1826 2619 1985 2707 eamque

333 2733 429 2822 xpro
458 2719 566 2822 parte
586 2703 724 2794 domini
752 2701 898 2792 Nicolai
927 2703 1176 2810 Welewcslri,
1199 2704 1380 2809 Canonici
1409 2703 1763 2812 Wladislaviensis,
1795 2720 1833 2792 et
1853 2720 1985 2794 contra

360 2836 506 2939 partem
540 2822 611 2910 sibi
640 2821 840 2912 adversam
876 2821 1023 2910 tulimus
1050 2823 1087 2910 in
1115 2821 1215 2910 bunc
1244 2819 1414 2909 modum:
1448 2821 1585 2911 Cbristi
1612 2824 1769 2911 nomine
1795 2825 1984 2930 invocato,

359 2968 429 3057 pro
451 2939 619 3028 tribunali
652 2938 849 3041 sedanteS,
880 2953 918 3026 et
947 2938 1069 3027 solum
1092 2939 1211 3031 lleum
1238 2969 1306 3054 pre
1325 2939 1442 3034 oculis
1463 2940 1663 3044 babentes,
1693 2941 1729 3028 io
1761 2971 1877 3036 causa
1898 2971 1982 3028 ver·

85 3129 88 3138 .
340 3069 462 3144 tenta
495 3059 591 3146 inter
626 3056 871 3146 honorandos
901 3057 1003 3146 viros
1030 3057 1204 3146 dominos
1234 3054 1430 3146 Nicolaum
1458 3056 1706 3165 Weleweslri,
1749 3058 1981 3148 Canonicum

179 3182 184 3190 '
359 3172 727 3279 wladislaviensem,
748 3205 796 3262 cx
817 3204 908 3280 una,
930 3189 968 3262 et
987 3175 1226 3280 Stanislaum,
1236 3173 1434 3294 plebanum
1450 3177 1487 3262 in
1510 3181 1686 3282 aaaron,
1708 3192 1815 3294 parte
1836 3177 1980 3282 exalia,

359 3293 564 3382 occasione
584 3292 731 3386 decime
761 3293 1002 3411 manipularis
1030 3294 1321 3399 inSzcwerslco,
1351 3293 1443 3380 visis
1463 3295 1578 3397 actis,
1609 3295 1796 3400 acticatis,
1828 3307 1982 3386 attesta-

360 3409 608 3529 cionibusque
639 3424 676 3498 et
696 3411 779 3528 alijs
805 3409 1011 3528 productis,
1032 3439 1161 3498 coram
1197 3411 1307 3498 nobis
1326 3409 1414 3498 binc
1434 3411 1521 3498 inde
1542 3441 1661 3530 usque
1682 3410 1732 3500 ad
1753 3441 1870 3500 cause
1892 3439 1984 3499 con·

359 3527 565 3618 elusionem
588 3526 712 3616 debite
729 3529 955 3634 masticatis,
977 3527 1255 3642 deliberacione
1274 3541 1312 3616 et
1325 3528 1422 3644 juris
1443 3529 1644 3646 peritorum
1666 3529 1825 3618 consilio
1847 3527 1984 3646 preba-

359 3644 464 3749 bitis,
494 3677 564 3764 per
583 3674 642 3754 ea,
658 3675 732 3763 quc
752 3645 911 3738 vidimus
931 3661 969 3734 et
989 3675 1036 3733 co
1093 3647 1257 3752 orimus,
1278 3658 1317 3734 et
1334 3675 1435 3734 nunc
1456 3648 1725 3766 cognoscimus
1746 3659 1784 3733 et
1802 3648 1984 3751 videmus
2052 3719 2059 3742 ,

361 3759 537 3870 dicimus,
568 3764 861 3881 pronunciamus
900 3779 937 3852 et
977 3763 1013 3850 di
1055 3765 1175 3852 nimus
1212 3764 1396 3852 decimam
1421 3764 1702 3882 manipularem
1732 3795 1802 3854 seu
1832 3795 1984 3879 campe·
2036 3791 2046 3819 ¹

360 3893 475 3968 strem
496 3882 533 3968 in
553 3886 772 3970 Szeccercleo
792 3884 829 3970 in
849 3897 886 3970 ct
905 3881 954 3970 de
970 3897 1132 4000 quatuor
1150 3881 1285 3986 laneis,
1306 3910 1463 3999 quorum
1485 3883 1562 3971 duo
1578 3897 1664 3970 sunt
1680 3883 1751 3970 sub
1773 3880 1984 4001 boguslao,
2007 3940 2011 3948 -
2052 3962 2057 3983 ‚

239 4077 252 4099 ,
360 4011 398 4084 ct
417 3995 495 4084 duo
515 3999 587 4086 sub
607 3999 729 4087 Paulo
750 3999 982 4106 deBoneccn,
1003 3999 1205 4089 heredibus
1226 4002 1262 4087 in
1284 4005 1511 4099 Szewcralco,
1534 4001 1570 4086 in
1591 4000 1724 4116 quibus
1742 3998 1831 4084 olim
1846 3999 1983 4084 'rustici
2038 4004 2051 4048 ''

359 4111 584 4203 resederunt
604 4116 697 4226 (sic),
717 4117 835 4204 luisse
856 4133 893 4204 et
912 4117 1096 4204 essedicti
1112 4116 1251 4202 domini
1268 4114 1669 4221 NicolaiWeleweski,
1685 4115 1864 4202 Canonici
1876 4112 1983 4202 Wla·

360 4230 614 4337 dislaviensis,
644 4232 946 4350 pertinuissequc
985 4231 1036 4320 ad
1067 4263 1151 4319 eum
1183 4246 1221 4318 et
1240 4230 1352 4320 bodie
1383 4233 1570 4349 pertinere
1594 4231 1754 4338 debere;
1785 4231 2010 4349 ipsamque.
2041 4233 2045 4242 '

360 4348 430 4438 sibi
450 4363 489 4437 et
508 4349 587 4438 suis
607 4349 896 4437 successoribus
916 4346 1191 4453 adiudicamus,
1212 4365 1247 4437 et
1269 4379 1353 4436 eum
1374 4349 1410 4435 in
1431 4349 1713 4466 possessionem
1731 4348 1898 4438 eiusdem
1919 4347 1983 4436 de·

360 4466 455 4554 aime
475 4467 716 4556 restituimus:
738 4465 1002 4585 dominumque
1022 4466 1261 4573 stanislaum,
1278 4464 1488 4554 Plebanurn
1509 4467 1557 4554 dc
1577 4471 1753 4574 ancaeo,
1775 4468 1810 4554 in
1820 4496 1981 4586 percep-

359 4584 408 4672 tis‘
427 4582 596 4674 ciusdem
618 4583 763 4673 decime
782 4614 807 4672 a
827 4596 997 4700 tempore
1018 4584 1277 4703 spoliacionis,
1307 4599 1345 4670 et
1365 4585 1401 4669 in
1423 4585 1600 4702 arpensis
1620 4585 1656 4672 in
1677 4584 1739 4672 lite
1759 4584 1878 4690 lactis,
1900 4583 1981 4671 dic-

359 4713 400 4788 to
433 4699 585 4792 domino
615 4697 776 4790 Nicolao
806 4703 1002 4791 Canonico
1032 4701 1371 4820 condempnemus,
1403 4719 1533 4792 nostra
1569 4701 1770 4816 diffinitivaj
1789 4703 1981 4790 sentencia
2099 4797 2104 4805 ,

359 4817 562 4908 mediante:
592 4843 750 4934 quarum
782 4848 1034 4938 expensarum
1055 4834 1092 4910 et
1110 4834 1376 4939 perceptorum
1405 4821 1515 4910 nobis
1535 4821 1770 4910 taxocionem
1791 4820 1830 4908 in
1850 4833 1978 4939 poste-

1771 4966 1819 5022 4,
