4878 5942
1150 702 1422 774 -284-

477 905 638 1026 aliquam
652 917 827 993 moueant
842 905 1084 1026 questionem,
1095 921 1132 994 et
1146 936 1217 994 nos
1233 906 1350 994 oniam
1366 903 1505 994 eisdam
1523 903 1713 994 sileooium
1729 904 1937 1023 inponimus
1953 935 2085 1024 perpo-

478 1039 580 1114 tuum
598 1054 667 1145 per
686 1039 891 1142 presentes.
911 1021 960 1112 Et
980 1057 1027 1112 ue
1047 1053 1161 1142 super
1181 1023 1255 1112 boo
1274 1025 1383 1113 alloni
1403 1023 1726 1131 dubium-oriatur,
1742 1037 1939 1142 presentes
1959 1025 2082 1146 sigillo

477 1155 608 1234 nostro
628 1143 767 1232 litteras
786 1144 940 1233 lenimus
961 1143 1143 1248 roborari.
1173 1144 1309 1232 Actum
1330 1143 1367 1232 in
1385 1149 1507 1248 Brenn,
1523 1157 1558 1232 et
1580 1141 1705 1231 ditum
1727 1171 1826 1230 anno
1848 1140 1985 1232 domini
2005 1145 2084 1234 mil·

477 1263 607 1352 lesimo
628 1261 743 1351 CCC⁰
765 1260 1056 1382 quadragesimo
1077 1292 1190 1352 nono.
1211 1262 1456 1350 Presentibus
1472 1263 1631 1350 strenuis
1647 1275 1685 1350 et
1699 1261 1980 1362 honorabilibus
1996 1265 2084 1352 viris

477 1380 658 1494 (dominis
670 1380 828 1470 Chebda
849 1380 1089 1494 Castellano),
1105 1381 1218 1469 tratre
1237 1412 1309 1469 sun
1322 1382 1522 1501 Przetpellr
1538 1381 1798 1501 subpinceroa,
1815 1381 2084 1490 bresteosibus3

476 1499 698 1613 llo(be)slao
720 1500 938 1613 castellalno
959 1499 1198 1610 Covoliensi)‚
1220 1499 1388 1605 Zadone,
1405 1499 1654 1618 Sandywnyo
1674 1499 1867 1588 subindioe
1887 1501 2083 1605 brostessi,

347 1693 353 1706 .
475 1617 724 1710 Viraolsoslao
743 1618 884 1708 herede
904 1619 953 1706 de
973 1619 1319 1732 (Prziveoserzino),
1340 1637 1376 1708 et
1396 1619 1478 1737 alijs
1499 1649 1610 1739 quam
1631 1619 1795 1746 plurimis
1815 1617 1888 1707 lide
1908 1619 2043 1740 dignis.

1126 1945 1436 2064 CCLlllleX.

608 2143 1223 2274 summouentem
1250 2173 1343 2260 me
1366 2174 1438 2260 so
1464 2176 1661 2261 mem
1687 2175 1948 2262 oaeneon.

442 2429 444 2436 ·
478 2379 721 2470 wentanus
734 2377 971 2454 mutinenses
980 2377 1245 2456 manutentionis
1259 2375 1381 2454 osttss
1393 2377 1511 2454 tanobo
1525 2381 1663 2456 semoto
1676 2380 1782 2454 sitan
1794 2379 1952 2450 sunbona
1967 2377 2084 2454 aolosis

1053 2479 1309 2574 bonsemannus
1323 2481 1444 2555 nonest
1457 2481 1507 2569 (¹).

576 2674 618 2761 ln
639 2664 786 2762 nomine
807 2669 964 2780 domini,
995 2674 1116 2760 ame'n.
1146 2671 1393 2808 Antiquarum
1421 2669 1588 2762 decreuit
1608 2674 1792 2792 prouisio,
1822 2703 1892 2762 neo
1911 2669 2083 2804 displicet

320 2857 323 2864 -
476 2793 626 2913 ingenio
652 2790 936 2908 modernorum,
977 2807 1017 2879 ut
1044 2794 1142 2880 lanta
1163 2791 1349 2880 hommum
1369 2791 1613 2998 perpetuitate
1641 2793 1941 3000 indiganoiaper
1960 2789 2083 2896 reddi·
2125 2889 2128 2896 ¹

475 2914 599 3001 uiuum
619 2911 805 2999 literarum
835 2912 1045 3000 testimonio
1067 2908 1350 3028 perbennantur.
1391 2910 1463 3000 ndo
1483 2925 1558 3018 est,
1580 2911 1682 3032 quod
1703 2943 1774 3002 nos
1796 2911 1860 3002 Ma
1901 2911 1968 3017 ias,
1988 2908 2081 3000 dioi-

475 3061 526 3124 na
546 3047 583 3120 et
601 3030 808 3148 apostolice
822 3029 930 3120 sedis
965 3031 1096 3236 praoia
1134 3029 1295 3118 eoelesio
1324 3027 1635 3120 wladislauiensis
1655 3032 1877 3151 episcopus,
1904 3060 1979 3119 una
1998 3059 2084 3118 oum

476 3150 639 3268 capitulo
674 3163 805 3238 nostro
839 3147 974 3236 wladis
988 3147 1141 3254 oniensi,
1175 3148 1378 3266 cupientes,
1409 3163 1450 3238 ut
1482 3150 1536 3238 rei
1570 3164 1681 3271 geste
1715 3151 1809 3238 inter
1843 3179 1913 3244 uos
1948 3165 1984 3239 et
2018 3176 2082 3238 oa·

476 3270 640 3390 pitulum·
660 3281 828 3357 nostrum
862 3266 1179 3372 wladislauieuse‚
1214 3295 1262 3354 ae
1290 3267 1545 3356 honorabilem
1574 3271 1691 3358 virum
1721 3267 1908 3357 dominum
1936 3267 2082 3385 Tropa-

476 3391 584 3493 num,
616 3384 920 3476 arobidiaoonum
946 3402 1113 3476 nostrum
1148 3385 1484 3477 wladislauiensem
1521 3418 1570 3476 ex
1604 3417 1677 3478 una
1711 3400 1837 3506 parte,
1872 3403 1910 3476 et
1940 3385 2082 3475 dinone-

476 3521 552 3596 tum
585 3505 705 3594 virum
738 3505 936 3612 Jaoobum,
957 3505 1151 3594 scultetum
1187 3503 1236 3594 de
1269 3509 1468 3594 Sodltono
1497 3500 1555 3618 (2)
1588 3507 1672 3594 ville
1706 3506 1856 3625 oapituli
1891 3503 2081 3598 wladisla-

477 3624 615 3714 uiensia
644 3653 692 3710 err
722 3623 856 3730 altera,
892 3639 984 3744 aput
1009 3639 1185 3743 posteros
1219 3625 1396 3731 memoria
1423 3623 1566 3744 plenior
1594 3625 1795 3732 habeatur,
1835 3639 1961 3714 notum
1996 3623 2080 3712 lani·

476 3773 560 3852 mus
579 3742 778 3849 uniuersis,
803 3757 1000 3863 presentes
1034 3743 1161 3832 literas
1195 3743 1434 3860 inspecturis:
1473 3741 1589 3858 Quod
1624 3743 1853 3834 honorabilis
1884 3745 1940 3832 vir
1967 3742 2080 3832 domi·

478 3893 549 3956 nus
579 3861 797 3978 Troyanus‚
826 3861 1115 3950 arobidiaoonus
1142 3859 1452 3950 wladislauiensis
1480 3860 1686 3980 predictus,
1715 3864 1778 3982 qui
1805 3895 1851 3950 ex
1873 3862 2081 3952 donacione

478 3981 626 4102 oapituli
655 3980 967 4070 wladislauiensis
987 3979 1162 4098 predicti,
1191 3978 1311 4076 villam
1341 4011 1410 4100 pro
1431 4011 1530 4070 nuno
1558 3997 1655 4070 tenet
1684 3979 1860 4080 eandem,
1889 3979 2080 4070 intendens

475 4101 729 4196 melioraoinni
748 4099 932 4190 bonorum
952 4099 1037 4188 ville
1057 4097 1234 4219 predicte,
1255 4098 1303 4188 de
1322 4100 1510 4190 voluntate
1531 4117 1567 4190 ot
1588 4131 1775 4190 consensu
1796 4116 1940 4206 nostro,
1954 4127 2003 4186 ao
2015 4127 2080 4210 on-
2111 4111 2119 4118 '

531 4421 539 4438 ι
577 4335 617 4485 pt)
658 4335 875 4434 lirarebotypo
885 4335 1113 4435 membranaceo
1126 4333 1262 4436 tabplprii
1277 4316 1668 4436 oapimlinadislauiansis.
1681 4335 1781 4422 Sigilla
1792 4335 1857 4435 5¹⁰¹),
1871 4356 2002 4435 appensa
2013 4343 2082 4402 sunt

478 4421 577 4489 lunsnu
590 4442 613 4486 rs
629 4441 740 4494 serious,
756 4419 881 4486 alterum
897 4421 1028 4488 lunroulo
1043 4421 1150 4487 eoloris
1162 4419 1262 4486 srrrdrs
1277 4429 1308 4484 et
1322 4441 1410 4500 roser,
1425 4421 1551 4488 alterurn
1567 4421 1697 4488 lunsoulo
1709 4420 1815 4488 noloru
1830 4421 1939 4487 vsrrdrs.
1963 4419 2080 4488 Utrum·

478 4527 538 4594 qne
551 4505 680 4616 pigtllum
700 4505 786 4572 raldo
811 4505 934 4575 laesum.
969 4509 1003 4573 lu
1029 4507 1089 4573 bna
1110 4505 1239 4571 ambitus
1260 4505 1381 4572 alterium
1403 4505 1489 4592 sigilli
1509 4503 1567 4593 legi
1589 4515 1714 4594 possunt
1736 4525 1837 4572 nonos:
1859 4503 2082 4584 „vtaannnten

479 4613 551 4658 seeo.

580 4673 618 4758 (¹)
659 4674 736 4740 Villo
751 4673 911 4741 Sodllromo
924 4676 995 4754 sira,
1008 4685 1044 4744 ut
1065 4677 1094 4741 in
1110 4685 1232 4742 asterus
1246 4675 1365 4742 tabulae
1381 4685 1465 4762 parta
1477 4675 1653 4764 scriptasit,
1669 4671 1843 4762 Qodlon'o,
1860 4646 1988 4741 in'nullo
2003 4669 2094 4740 loon¹

318 4859 322 4866 1
481 4756 679 4913 pppngppli'po
705 4761 850 4836 semron
881 4781 983 4828 nonno
1003 4759 1050 4828 bio
1065 4761 1211 4828 eradenda
1237 4769 1283 4828 est
1296 4761 1363 4830 siba
1384 4759 1556 4872 Stodkono,
1581 4763 1719 4828 territorii
1735 4759 1935 4838 Galisaiansis,
1949 4759 2080 4846 reponte
