4926 5940
1066 749 1114 768 -
1164 713 1239 788 dbl
1296 751 1343 768 ·-

1029 1009 1386 1128 CCCLXXXIV.
1540 1139 1544 1150 ,
1572 1143 1576 1153 7

351 1287 354 1297 =
492 1252 733 1346 Romae,
759 1265 916 1362 om
941 1243 1092 1334 14³2
1118 1247 1211 1332 dte
1236 1247 1307 1334 lo
1334 1246 1535 1330 menete
1562 1245 1914 1348 septembres.

384 1451 489 1528 deme
502 1467 583 1544 oneo
598 1451 752 1544 egctrtm
765 1467 787 1522 a
800 1445 964 1523 tuoto'ctn
979 1449 1069 1522 cnuto
1083 1449 1164 1523 utor
1177 1449 1328 1522 tomncm
1349 1447 1534 1542 Episcopum
1546 1447 1842 1528 manutentorem
1857 1452 1893 1524 ot
1908 1449 2018 1527 clotte-

385 1555 453 1630 ton
467 1553 697 1635 momentu,
719 1553 759 1626 tc
779 1552 871 1626 tono
885 1552 1105 1644 tptmopomm
1129 1549 1433 1624 tttcttstertonsinm
1457 1551 1591 1644 propria,
1617 1551 1734 1625 itidem
1758 1551 1838 1639 rib,
1862 1552 2020 1629 ccirttm

974 1655 1155 1735 temeto,
1178 1651 1367 1746 ᾱῆυᾱίωῑιι
1380 1655 1431 1740 (¹).

488 1846 532 1932 ln
548 1847 696 1934 nornine
713 1844 861 1949 domini,
879 1874 1000 1932 amen.
1023 1844 1105 1932 Sub
1120 1874 1221 1932 anno
1237 1846 1438 1932 nativitatis
1454 1843 1620 1932 eiusdem
1637 1845 1831 1935 millesimo
1848 1843 2023 1963 quadrin-

383 1964 599 2083 gentesimo
636 1965 826 2052 tricesimo
861 1963 1007 2080 quinto,
1040 1961 1249 2050 indiccione
1271 1962 1492 2070 tredecima,
1524 1964 1775 2052 Pontificatus
1793 1965 2019 2052 sanctissimi

381 2083 418 2170 in
440 2081 594 2176 Christo
615 2083 732 2200 patris
753 2097 791 2169 et
811 2081 950 2168 domini
970 2083 1105 2186 nostri,
1137 2077 1274 2167 domini
1294 2079 1475 2200 Eugenij,
1497 2079 1622 2170 divina
1643 2082 1889 2200 providencia
1910 2082 2020 2200 Pape

384 2200 522 2317 quarti,
551 2229 653 2288 anno
687 2213 842 2318 quarto,
875 2199 935 2286 die
956 2199 1104 2288 decima
1124 2200 1284 2316 septima
1316 2201 1456 2288 mensis
1485 2198 1674 2317 lanuarij,
1704 2199 1799 2288 hora
1820 2199 2020 2289 torciacum

382 2316 443 2406 vel
466 2318 594 2434 quasi,
614 2319 651 2403 in
675 2323 902 2431 Opporowo,
920 2317 1159 2402 Gneznensis
1181 2315 1366 2422 diocesis,
1388 2331 1426 2402 et
1446 2319 1481 2402 in
1504 2320 1607 2404 curia
1628 2317 1829 2409 reuerendi
1850 2319 1887 2405 in
1907 2316 2016 2406 Chri·

383 2447 443 2524 sto
465 2434 583 2550 patris
604 2447 641 2520 et
662 2433 801 2522 domini
820 2432 968 2526 domini
990 2431 1212 2535 wladislai,
1235 2432 1295 2519 dei
1316 2434 1450 2548 gracia
1470 2432 1505 2520 E
1535 2435 1655 2547 isoopi
1681 2433 2017 2542 Wladislaviensis,

382 2553 420 2640 in
440 2553 516 2640 mei
535 2551 667 2668 notarij
689 2551 842 2669 publici,
873 2550 1095 2667 testiumque
1116 2549 1414 2666 subscriptorum
1436 2549 1485 2636 ad
1506 2464 1583 2636 linc
1602 2563 1823 2638 vocatorum
1846 2553 2021 2670 speciali·

382 2684 441 2758 ter
463 2685 501 2758 et
520 2681 741 2788 rogatorum
763 2667 980 2787 presencia,
1012 2669 1234 2754 constitutus
1261 2667 1511 2786 personaliter
1532 2669 1814 2781 prenominatus
1835 2698 2016 2780 reveren·

381 2786 454 2878 dus
477 2789 514 2879 in
537 2787 688 2876 Christo
709 2803 817 2904 pater
830 2785 1004 2874 dominus
1021 2783 1255 2874 Wladislaus
1267 2783 1485 2901 Episcopus
1508 2783 1848 2893 Wladislaviensis,
1869 2784 2016 2874 babens

383 2919 421 2994 et
442 2907 521 2994 suis
543 2921 674 2992 tenens
696 2907 732 2992 in
755 2905 926 3019 manibus
947 2906 1090 2992 litteras
1120 2904 1394 2992 executoriales
1423 2902 1643 2991 Reverendi
1664 2902 1803 2990 domini
1822 2901 2019 3010 lobannis

382 3024 634 3113 miseracione
656 3023 779 3112 divina
810 3024 898 3111 tituli
927 3025 1055 3112 Sancti
1077 3023 1169 3110 Sixti
1200 3022 1406 3110 Presbiteri
1437 3021 1648 3110 Cardinalis
1677 3023 1891 3110 executoris
1922 3023 2020 3109 unici

381 3141 491 3228 trium
519 3141 793 3230 diffinitivarum
821 3143 1097 3230 sentenciarum
1122 3171 1194 3258 pro
1216 3156 1323 3258 parte
1345 3138 1535 3260 quondam
1562 3139 1780 3228 Reverendi
1801 3141 1919 3258 patris
1940 3138 2011 3230 do-

381 3259 468 3346 mini
486 3258 681 3366 lobannis,
718 3258 900 3376 Episcopi
927 3258 1259 3354 Wladislaviensis
1281 3273 1316 3346 et
1348 3259 1466 3377 ipsius
1486 3257 1682 3362 Ecclesie,
1712 3274 1749 3346 et
1769 3269 1904 3345 contra
1924 3287 2013 3376 pre·

382 3376 561 3466 consoles
572 3378 862 3489 (sic),consules,
878 3377 1078 3495 opidanos,
1093 3407 1141 3464 ac
1156 3391 1272 3464 totam
1289 3377 1593 3464 communitatem
1606 3375 1707 3493 opidi
1721 3382 1910 3478 Gdooczlc,
1926 3375 2019 3464 wla-

382 3493 620 3583 dislaviensis
642 3494 827 3602 diocesis,
859 3495 908 3582 de
930 3509 967 3584 et
987 3525 1104 3614 super
1132 3494 1383 3582 domolicione
1414 3509 1516 3582 certe
1544 3493 1681 3582 domus
1702 3525 1833 3582 mense
1853 3492 2017 3610 Episco-
2121 3499 2132 3507 ”

382 3612 478 3728 palis
499 3611 849 3721 Wlodislaviensis,
880 3642 930 3700 ac
964 3611 1048 3729 alijs
1068 3611 1183 3700 rebus
1216 3613 1251 3698 in
1273 3613 1370 3700 actis
1391 3641 1508 3698 cause
1529 3610 1742 3700 huiusmodi
1763 3609 1952 3716 deductis,
1984 3627 2022 3700 et

381 3729 499 3845 ipsius
520 3732 746 3836 occasione,
778 3762 847 3849 per
882 3747 1009 3820 certos
1035 3731 1138 3818 sacri
1173 3728 1322 3848 pallacij
1359 3730 1560 3847 apostolici
1593 3761 1795 3820 causarum
1827 3729 2019 3818 auditores

379 3846 559 3954 latamm,
591 3849 672 3937 eius
693 3879 786 3938 vcro
813 3849 937 3969 sigillo
958 3851 1069 3938 oblon
1102 3881 1124 3936 e
1144 3847 1268 3966 figure
1294 3850 1388 3936 intra
1409 3847 1458 3934 de
1479 3847 1612 3960 rubea,
1648 3849 1698 3937 ab
1728 3865 1833 3936 extra
1854 3876 1945 3934 vero
1968 3844 2017 3934 de

381 3966 531 4052 comuni
551 3965 634 4076 (sic)
666 3967 786 4074 ceris,
807 3967 844 4054 in
865 3967 1023 4056 cordula
1045 3879 1150 4054 niuei
1171 3966 1312 4054 coloris
1338 3995 1444 4052 more
1464 3964 1642 4052 Romane
1664 3966 1766 4051 curie
1793 3961 2019 4080 dependenti
2116 3983 2123 4002 ⁸

379 4079 582 4200 sigillatae,
627 4113 816 4199 manuque
852 4085 1113 4199 circumspecti
1149 4081 1288 4198 Angeli
1324 4080 1510 4168 lobannis
1547 4081 1596 4168 de
1629 4089 1841 4183 Rocloeto,
1880 4079 2018 4199 publici

377 4195 589 4315 apostolica
610 4211 647 4284 et
666 4197 852 4312 Imperiali
873 4197 1159 4288 auctoritatibus
1180 4197 1316 4313 notarij
1339 4197 1576 4316 subscriptas
1609 4214 1647 4286 et
1667 4199 1915 4318 consignatas
1952 4227 2016 4284 sa-

378 4346 467 4422 nas,
499 4315 629 4404 salvas
660 4330 696 4402 ct
726 4315 916 4434 integrae,
947 4318 983 4404 in
1005 4317 1111 4406 ouius
1133 4312 1282 4428 quidem
1312 4313 1423 4432 sigilli
1454 4315 1580 4404 medio
1610 4347 1751 4436 ymago
1783 4315 1866 4430 (sic)
1894 4313 2018 4406 Beate

377 4430 500 4522 Mario
520 4432 689 4552 Virginis
710 4433 883 4522 infantem
904 4435 940 4522 in
961 4465 1074 4522 mono
1096 4431 1253 4522 dextera
1274 4431 1474 4524 baiulantis
1511 4449 1618 4522 stans
1647 4448 1775 4524 erecta
1796 4433 2016 4554 apparebat,

224 4573 227 4580 ’
377 4552 528 4640 acuios
548 4551 689 4640 dextris
709 4580 852 4672 ymago
886 4553 1039 4641 inlulata
1072 4580 1221 4642 manum
1249 4549 1446 4640 dexteram
1479 4550 1530 4640 ad
1560 4551 1861 4642 benedicendum
1883 4567 2014 4642 exten·

432 4771 433 4775 Ὺ
472 4817 516 4902 o)
544 4815 591 4886 m
606 4819 768 4909 eampo
783 4817 1302 4907 commanducantur
1317 4816 1594 4888 uramentum.
1854 4869 1857 4876 Α

1802 4937 1852 4995 bl*
