4926 5940
1134 741 1165 754 -
1230 701 1405 777 tua-

457 908 588 1010 seinis,
619 901 857 1004 molendinis,
889 902 1028 999 burris,
1060 902 1179 1021 gaijs,
1224 901 1379 990 decimis
1408 916 1446 989 et
1474 900 1557 1018 alijs
1593 899 1833 1020 pertinencijs
1872 897 2082 988 lruiusmodi

455 1025 675 1115 auctoritate
694 1033 826 1108 nostra
858 1021 1061 1108 restituatis
1082 1035 1120 1108 et
1140 1021 1394 1140 reintegretis,
1424 1018 1622 1138 ipsumque
1657 1020 1865 1110 restitutum
1887 1033 1925 1106 et
1944 1020 2082 1105 reinte-

455 1156 604 1262 grotum
635 1137 860 1250 meandum,
880 1141 970 1226 iuris
1005 1140 1240 1258 exigeuciam
1276 1136 1503 1244 defendatis,
1533 1139 1715 1226 facientes
1741 1137 1813 1225 sibi
1841 1135 1889 1224 de
1917 1137 2083 1254 ipsorum

457 1262 541 1348 ville
576 1264 668 1345 Orle
697 1273 734 1346 et
754 1258 1063 1376 pertinenciarum
1094 1255 1293 1359 fructibus,
1325 1255 1548 1357 redditibus,
1566 1256 1845 1373 prodentibus,
1877 1255 2018 1343 iuribus
2048 1270 2084 1344 et

457 1377 754 1467 obuencionibus
774 1375 960 1465 uniuersis
981 1377 1128 1493 integre
1147 1372 1389 1492 respouderj,
1419 1374 1525 1462 etde
1547 1374 1724 1492 predictis
1747 1377 1935 1493 perceptis
1954 1373 2082 1459 fruert-
2198 1405 2203 1414 ·

455 1499 528 1586 bus
548 1511 586 1584 et
605 1495 835 1583 florenorum
856 1494 1010 1581 summis
1031 1523 1102 1610 pro
1123 1492 1231 1582 dictis
1252 1492 1446 1611 expensiS,
1478 1494 1579 1580 iuxta
1608 1495 1837 1610 prefatorum
1859 1495 2081 1580 iustrumen-

456 1633 590 1723 torum,
610 1613 815 1700 earundem
836 1612 1223 1730 condempnacionum
1244 1625 1282 1698 et
1302 1613 1539 1699 texaeionum
1560 1626 1731 1717 tenores,
1752 1609 1898 1730 plenam
1920 1624 1958 1696 et
1978 1607 2085 1696 debi-

458 1745 532 1824 tam
554 1733 855 1822 satisfaccionem
891 1729 1072 1848 impendi:
1110 1728 1412 1817 contradictores
1447 1759 1515 1846 per
1550 1759 1750 1816 censuram
1786 1727 2083 1818 ecclesiasticam

456 1851 716 1970 appellacioue
737 1851 948 1969 postposita
967 1846 1261 1964 compescendo.
1302 1846 1443 1934 Datum
1464 1855 1589 1952 Rome,
1610 1847 1711 1965 apud
1733 1862 1888 1936 sanctos
1915 1845 2081 1962 Aposto-

457 1971 528 2073 los,
550 1969 749 2056 undecimo
770 1965 952 2054 kalendas
973 1965 1130 2084 Aprilis,
1161 1965 1408 2056 pontificatus
1429 1967 1548 2054 nostri
1567 1995 1668 2053 anno
1689 1991 1804 2054 nono.

559 2088 656 2174 Post
676 2117 834 2204 quarum
855 2083 1003 2202 quidem
1025 2083 1213 2172 literarum
1234 2083 1524 2202 apostolicarum
1547 2086 1871 2201 presentacionem
1894 2098 1932 2170 et
1951 2109 2084 2198 recep-

460 2209 626 2310 cionem,
657 2206 766 2291 nobis
793 2217 839 2290 et
859 2234 927 2319 per
956 2233 1046 2307 noe,
1076 2219 1116 2290 ut
1143 2203 1378 2318 premittitur,
1408 2204 1544 2308 factm,
1576 2203 1707 2290 luimus
1733 2231 1804 2318 pro
1826 2216 1933 2318 parte
1952 2200 2085 2318 prefati

458 2322 656 2412 reuerendi
683 2323 800 2440 patris
821 2321 958 2409 domiui
986 2320 1182 2426 lobannis,
1200 2319 1384 2440 Episcopi
1420 2319 1745 2424 wladislauiensis,
1774 2318 1901 2408 debila
1923 2349 2008 2407 oum
2030 2319 2081 2404 in·

458 2443 601 2532 stancia
623 2441 810 2560 requisiti,
842 2455 1027 2560 quatenus
1056 2437 1107 2524 ad
1128 2440 1398 2527 execucionem
1428 2437 1631 2526 earundem
1660 2439 1848 2526 literarum
1871 2454 1908 2526 et
1929 2451 2084 2526 couten-

458 2577 580 2649 torum
602 2561 638 2646 in
658 2558 801 2646 eisdem
822 2556 1033 2677 procedere
1062 2557 1305 2676 dignaremur
1335 2561 1435 2646 iuxta
1456 2557 1626 2644 traditam
1648 2587 1716 2646 seu
1739 2554 1919 2644 directam
1941 2585 1965 2642 a
1985 2555 2085 2643 dicta

458 2678 553 2768 sede
578 2677 789 2794 apostolica
820 2677 929 2764 nobis
958 2678 1127 2762 formam.
1178 2674 1262 2763 Nos
1282 2679 1395 2794 igitur
1422 2677 1560 2762 Petrus
1588 2673 1806 2792 Episcopus
1836 2691 1872 2762 et
1893 2673 2085 2764 Exedutor

459 2797 648 2916 prelatus,
678 2794 848 2882 volentes
869 2793 1084 2880 mandatum
1113 2793 1374 2910 apostolicum,
1397 2794 1506 2881 uobis
1526 2795 1562 2880 iu
1584 2794 1656 2880 bac
1676 2809 1785 2911 parte
1805 2792 1952 2897 dictum,
1974 2821 2084 2880 reue·

460 2928 586 3000 renter
606 2913 759 3030 exequj,
790 2927 829 2998 ut
849 2927 1033 3014 tenemur,
1064 2913 1288 3000 auctoritate
1317 2911 1529 3030 apostoliea
1558 2912 1666 2998 nobis
1696 2913 1733 2999 in
1759 2913 1833 3000 bac
1853 2923 1959 3031 parte
1979 2939 2084 3000 oom-

461 3032 576 3119 missa
616 3031 781 3147 prelatas
801 3030 928 3118 literas
956 3030 1204 3146 apostolicas,
1237 3045 1275 3116 et
1308 3031 1407 3116 hune
1428 3045 1596 3117 nostrum
1618 3059 1864 3147 processum,
1895 3059 1943 3117 uc
1963 3029 2085 3116 omnia

461 3162 500 3236 et
519 3147 666 3264 singula
689 3150 725 3234 iu
747 3149 802 3233 eis
823 3159 1000 3238 contenta
1027 3148 1135 3234 vobis
1157 3148 1328 3237 omnibus
1350 3164 1387 3236 et
1407 3149 1566 3266 singulis
1587 3147 1833 3266 supradictis,
1865 3165 1903 3236 et
1933 3175 2085 3267 preser-

460 3269 523 3354 tim
544 3266 607 3354 tibi
626 3266 745 3352 Petro
765 3263 907 3352 Mathia
926 3267 1156 3371 intimemus,
1187 3265 1417 3354 insinuamus
1444 3281 1481 3353 et
1500 3265 1753 3364 notificamus,
1785 3297 1834 3355 ac
1853 3267 1902 3355 ad
1924 3281 2086 3356 vestram

460 3391 524 3496 (et)
545 3385 740 3472 cuiuslibet
760 3397 924 3473 vestrum
947 3385 1120 3472 noticiam
1141 3381 1373 3488 deducimus,
1394 3401 1431 3472 et
1456 3384 1593 3470 deduci
1609 3384 1781 3475 volumus
1802 3403 1872 3503 per
1891 3401 2088 3503 presentes

321 3523 324 3534 '
461 3533 608 3622 vosque
628 3530 760 3590 omncs
781 3518 817 3590 et
837 3504 894 3591 sin
951 3502 1009 3591 los
1031 3502 1271 3621 supradictos
1293 3519 1424 3592 tenore
1445 3507 1679 3621 presencium
1706 3507 1927 3624 requirimus
1948 3518 1986 3590 et
2006 3533 2087 3592 mo·

462 3629 593 3707 nemus
614 3621 751 3737 primo,
771 3651 889 3708 secun
917 3650 960 3727 o,
983 3623 1119 3726 tercio,
1140 3623 1386 3710 communiter
1404 3635 1443 3709 et
1462 3620 1617 3726 diuisim,
1639 3621 1748 3715 vobis
1769 3638 1807 3712 et
1827 3638 1992 3711 vestrum
2015 3625 2088 3710 cui·

461 3737 549 3824 libet
569 3738 606 3822 in
626 3737 760 3824 virtute
792 3753 924 3824 sancte
955 3737 1174 3827 obediencie
1205 3754 1243 3825 et
1263 3740 1335 3828 sub
1357 3741 1600 3856 infrascriptis
1630 3739 1938 3851 (sentenciarum)
1968 3743 2088 3860 penis,

461 3853 630 3943 districte
651 3855 896 3971 precipiendo
917 3856 1155 3944 mandantes:
1188 3857 1390 3972 Quatenus
1411 3858 1504 3944 infra
1525 3889 1595 3946 sex
1615 3857 1756 3946 dierum
1778 3861 1966 3976 spacium:
1998 3849 2087 3975 post

460 3973 786 4090 presentacionem
807 4005 876 4061 seu
897 3971 1197 4064 uotilioacionem
1218 3975 1467 4094 presencium,
1484 3977 1592 4064 vobis
1611 4007 1680 4063 seu
1701 3975 1803 4065 alteri
1823 3990 1991 4062 vestrum
2011 3975 2087 4064 fec·

462 4105 539 4180 tas:
572 4090 784 4179 immediate
813 4095 1074 4211 sequenoium,
1107 4107 1145 4181 et
1165 4111 1364 4213 postquam
1386 4125 1457 4212 pro
1478 4109 1585 4212 parte
1616 4095 1703 4182 dicti
1734 4094 1872 4182 domini
1891 4095 2087 4199 lobannis,

460 4207 643 4328 Episcopi
664 4209 989 4318 wladislauiensis,
1006 4213 1149 4300 fueritis
1165 4213 1331 4331 requisiti
1347 4243 1415 4300 seu
1438 4214 1661 4332 quicumque
1681 4213 1776 4301 alter
1795 4211 1872 4325 (ad)
1888 4215 1962 4300 hoo
1982 4212 2089 4300 fuerit

462 4329 681 4446 requisitus:
712 4327 885 4442 Quorum
906 4359 976 4416 sex
996 4329 1138 4416 dierum
1160 4331 1259 4418 duos
1285 4359 1356 4448 pro
1377 4333 1514 4449 primo,
1547 4330 1645 4420 duos
1666 4361 1736 4450 pro
1757 4332 1947 4436 secundo,
1968 4343 2007 4417 et
2027 4359 2088 4418 re-

463 4445 586 4580 liquos
607 4445 706 4534 duos
721 4447 820 4580 dies,
843 4447 953 4546 vobis
968 4449 1154 4583 vqiqersis
1175 4462 1214 4534 et
1228 4449 1386 4582 singulis
1401 4448 1638 4584 supradictis,
1654 4479 1724 4569 pro
1747 4451 1863 4538 tercio
1884 4463 1920 4537 et
1940 4478 2088 4585 perem-

463 4567 2089 4806 ttltttt'ttuttuttttttutttttttttltttt,ttlttttllttlt

478 4838 482 4846 ι
